%% This BibTeX bibliography file was created using BibDesk.
%% http://bibdesk.sourceforge.net/


%% Created for Csaba at 2018-11-12 16:34:43 +0000 


%% Saved with string encoding Unicode (UTF-8) 

%% Applications

@article{ramgopal1993nonparametric,
  title={Nonparametric Bayesian bioassay with prior constraints on the shape of the potency curve},
  author={P. Ramgopal and P. Laud and A. Smith},
  journal={Biometrika},
  volume={80},
  number={3},
  pages={489--498},
  year={1993},
  publisher={Oxford University Press}
}

@article{chang2007shape,
  title={Shape restricted regression with random Bernstein polynomials},
  author={I-S. Chang and L-C. Chien and C. Hsiung and C-C. Wen and Y-J. Wu},
  journal={Lecture Notes-Monograph Series},
  pages={187--202},
  year={2007},
  publisher={JSTOR}
}

@article{shively2011nonparametric,
  title={Nonparametric function estimation subject to monotonicity, convexity and other shape constraints},
  author={T. Shively and S. Walker and P. Damien},
  journal={Journal of Econometrics},
  volume={161},
  number={2},
  pages={166--181},
  year={2011},
  publisher={Elsevier}
}

@article{niemiro1992asymptotics,
  title={Asymptotics for M-estimators defined by convex minimization},
  author={W. Niemiro},
  journal={The Annals of Statistics},
  pages={1514--1533},
  year={1992},
  publisher={JSTOR}
}

@article{lattimore2021minimax,
  title={Minimax regret for bandit convex optimisation of ridge functions},
  author={T. Lattimore},
  journal={arXiv preprint arXiv:2106.00444},
  year={2021}
}

@book{chewi24,
  title={Log-Concave Sampling},
  author={S. Chewi},
  year={2024}
}

@book{lat24book,
  title={Bandit Convex Optimisation},
  author={T. Lattimore},
  year={2024}
}


@article{bauschke1997legendre,
  title={Legendre functions and the method of random Bregman projections},
  author={H. Bauschke and J. Borwein},
  journal={Journal of convex analysis},
  volume={4},
  number={1},
  pages={27--67},
  year={1997},
  publisher={Citeseer}
}

@article{jiang2020faster,
  title={Faster dynamic matrix inverse for faster lps},
  author={S. Jiang and Z. Song and O. Weinstein and H. Zhang},
  journal={arXiv preprint arXiv:2004.07470},
  year={2020}
}

@inproceedings{lee2015efficient,
  title={Efficient inverse maintenance and faster algorithms for linear programming},
  author={Y-T Lee and A. Sidford},
  booktitle={2015 IEEE 56th annual symposium on foundations of computer science},
  pages={230--249},
  year={2015},
  organization={IEEE}
}

@inproceedings{pivovarov2010volume,
  title={On the volume of caps and bounding the mean-width of an isotropic convex body},
  author={P. Pivovarov},
  booktitle={Mathematical Proceedings of the Cambridge Philosophical Society},
  volume={149},
  number={2},
  pages={317--331},
  year={2010},
  organization={Cambridge University Press}
}

@article{hale2008computing,
  title={Computing A\^{}$\alpha$,$\backslash$log(A), and related matrix functions by contour integrals},
  author={N. Hale and N. Higham and L. Trefethen},
  journal={SIAM Journal on Numerical Analysis},
  volume={46},
  number={5},
  pages={2505--2523},
  year={2008},
  publisher={SIAM}
}

@article{mccormick2005submodular,
  title={Submodular function minimization},
  author={S. McCormick},
  journal={Handbooks in operations research and management science},
  volume={12},
  pages={321--391},
  year={2005},
  publisher={Elsevier}
}


@inproceedings{lee2018efficient,
  title={Efficient convex optimization with membership oracles},
  author={Y-T Lee and A. Sidford and S. Vempala},
  booktitle={Conference On Learning Theory},
  pages={1292--1294},
  year={2018},
  organization={PMLR}
}

@inproceedings{kim2014real,
  title={Real-time electricity pricing for demand response using online convex optimization},
  author={Kim, Seung-Jun and Giannakis, Geogios B},
  booktitle={ISGT 2014},
  pages={1--5},
  year={2014},
  organization={IEEE}
}

@inproceedings{fu2021learning,
  title={Learning-NUM: Network utility maximization with unknown utility functions and queueing delay},
  author={Fu, Xinzhe and Modiano, Eytan},
  booktitle={Proceedings of the Twenty-second International Symposium on Theory, Algorithmic Foundations, and Protocol Design for Mobile Networks and Mobile Computing},
  pages={21--30},
  year={2021}
}

@article{marcastel2019online,
  title={Online power optimization in feedback-limited, dynamic and unpredictable IoT networks},
  author={Marcastel, Alexandre and Belmega, Elena Veronica and Mertikopoulos, Panayotis and Fijalkow, Inbar},
  journal={IEEE Transactions on Signal Processing},
  volume={67},
  number={11},
  pages={2987--3000},
  year={2019},
  publisher={IEEE}
}

% Uses Spall-type estimators for fine-tuning LLM

@article{malladi2023fine,
  title={Fine-tuning language models with just forward passes},
  author={Malladi, Sadhika and Gao, Tianyu and Nichani, Eshaan and Damian, Alex and Lee, Jason D and Chen, Danqi and Arora, Sanjeev},
  journal={Advances in Neural Information Processing Systems},
  volume={36},
  pages={53038--53075},
  year={2023}
}

@article{zhang2024revisiting,
  title={Revisiting zeroth-order optimization for memory-efficient llm fine-tuning: A benchmark},
  author={Zhang, Yihua and Li, Pingzhi and Hong, Junyuan and Li, Jiaxiang and Zhang, Yimeng and Zheng, Wenqing and Chen, Pin-Yu and Lee, Jason D and Yin, Wotao and Hong, Mingyi and others},
  journal={arXiv preprint arXiv:2402.11592},
  year={2024}
}

@inproceedings{zhang2024dpzero,
  title={DPZero: Private Fine-Tuning of Language Models without Backpropagation},
  author={Zhang, Liang and Li, Bingcong and Thekumparampil, Kiran Koshy and Oh, Sewoong and He, Niao},
  booktitle={Forty-first International Conference on Machine Learning},
  year={2024}
}

% NN training with ZO algorithms

@article{chen2023deepzero,
  title={Deepzero: Scaling up zeroth-order optimization for deep model training},
  author={Chen, Aochuan and Zhang, Yimeng and Jia, Jinghan and Diffenderfer, James and Liu, Jiancheng and Parasyris, Konstantinos and Zhang, Yihua and Zhang, Zheng and Kailkhura, Bhavya and Liu, Sijia},
  journal={arXiv preprint arXiv:2310.02025},
  year={2023}
}

% Tuning of cluster parameters

@inproceedings{karthikeyan2023selftune,
  title={$\{$SelfTune$\}$: Tuning Cluster Managers},
  author={Karthikeyan, Ajaykrishna and Natarajan, Nagarajan and Somashekar, Gagan and Zhao, Lei and Bhagwan, Ranjita and Fonseca, Rodrigo and Racheva, Tatiana and Bansal, Yogesh},
  booktitle={20th USENIX Symposium on Networked Systems Design and Implementation (NSDI 23)},
  pages={1097--1114},
  year={2023}
}


%%%%%%%%%%%%%%%%%%%%%%%%%%%%%%%%%%%%%%%%%%%%%%%%%%%%%%%%%%%%%%%%

@article{jiang2022minimizing,
  title={Minimizing convex functions with rational minimizers},
  author={Jiang, Haotian},
  journal={Journal of the ACM},
  volume={70},
  number={1},
  pages={1--27},
  year={2022},
  publisher={ACM New York, NY}
}

@article{galicer2019minimal,
  title={The minimal volume of simplices containing a convex body},
  author={D. Galicer and M. Merzbacher and D. Pinasco},
  journal={The Journal of Geometric Analysis},
  volume={29},
  pages={717--732},
  year={2019},
  publisher={Springer}
}

@article{nesterov1998introductory,
  title={Introductory lectures on convex programming volume i: Basic course},
  author={Y. Nesterov},
  journal={Lecture notes},
  volume={3},
  number={4},
  pages={5},
  year={1998}
}

@article{khachiyan1990inequality,
  title={An inequality for the volume of inscribed ellipsoids},
  author={L. G. Khachiyan},
  journal={Discrete \& computational geometry},
  volume={5},
  pages={219--222},
  year={1990},
  publisher={Springer}
}

@article{nesterov1995cutting,
  title={Cutting plane algorithms from analytic centers: efficiency estimates},
  author={Nesterov, Yu},
  journal={Mathematical Programming},
  volume={69},
  number={1},
  pages={149--176},
  year={1995}
}


@inproceedings{tarasov1988method,
  title={The method of inscribed ellipsoids},
  author={S. Tarasov and L. G. Khachiyan and I. I. Erlich},
  booktitle={Soviet Mathematics-Doklady},
  volume={37},
  number={1},
  pages={226--230},
  year={1988}
}

@inproceedings{lee2015faster,
  title={A faster cutting plane method and its implications for combinatorial and convex optimization},
  author={Y-T. Lee and A. Sidford and S. Wong},
  booktitle={2015 IEEE 56th Annual Symposium on Foundations of Computer Science},
  pages={1049--1065},
  year={2015},
  organization={IEEE}
}

@article{vaidya1996new,
  title={A new algorithm for minimizing convex functions over convex sets},
  author={P. M. Vaidya},
  journal={Mathematical programming},
  volume={73},
  number={3},
  pages={291--341},
  year={1996},
  publisher={Springer}
}

@article{atkinson1995cutting,
  title={A cutting plane algorithm for convex programming that uses analytic centers},
  author={D. S. Atkinson and P. M. Vaidya},
  journal={Mathematical programming},
  volume={69},
  number={1},
  pages={1--43},
  year={1995},
  publisher={Springer}
}

@inproceedings{levin1965algorithm,
  title={An algorithm for minimizing convex functions},
  author={Levin, Anatoly Yur'evich},
  booktitle={Doklady Akademii Nauk},
  volume={160},
  number={6},
  pages={1244--1247},
  year={1965},
  organization={Russian Academy of Sciences}
}

@article{New65,
author = {Newman, D. J.},
title = {Location of the Maximum on Unimodal Surfaces},
year = {1965},
publisher = {Association for Computing Machinery},
address = {New York, NY, USA},
volume = {12},
number = {3},
journal = {J. ACM},
pages = {395â€“398},
numpages = {4}
}

@article{carpentier2024simple,
  title={A simple and improved algorithm for noisy, convex, zeroth-order optimisation},
  author={Carpentier, Alexandra},
  journal={arXiv preprint arXiv:2406.18672},
  year={2024}
}

@article{suggala2024second,
  title={Second Order Methods for Bandit Optimization and Control},
  author={A. Suggala and J. Y. Sun and P. Netrapalli and E. Hazan},
  journal={arXiv preprint arXiv:2402.08929},
  year={2024}
}

@inproceedings{chatterji2019online,
  title={Online learning with kernel losses},
  author={N. Chatterji and A. Pacchiano and P. Bartlett},
  booktitle={International Conference on Machine Learning},
  pages={971--980},
  year={2019},
  organization={PMLR}
}


@inproceedings{jegelka2011online,
  title={Online Submodular Minimization for Combinatorial Structures.},
  author={S. Jegelka and J. Bilmes},
  booktitle={ICML},
  pages={345--352},
  year={2011},
  organization={Citeseer}
}

@article{lovasz1983submodular,
  title={Submodular functions and convexity},
  author={L. Lov{\'a}sz},
  journal={Mathematical Programming The State of the Art: Bonn 1982},
  pages={235--257},
  year={1983},
  publisher={Springer}
}

@article{pedramfar2023stochastic,
  title={Stochastic Submodular Bandits with Delayed Composite Anonymous Bandit Feedback},
  author={Pedramfar, Mohammad and Aggarwal, Vaneet},
  journal={arXiv preprint arXiv:2303.13604},
  year={2023}
}

@inproceedings{niazadeh2021online,
  title={Online learning via offline greedy algorithms: Applications in market design and optimization},
  author={R. Niazadeh and N. Golrezaei and J. Wang and F. Susan and A. Badanidiyuru},
  booktitle={Proceedings of the 22nd ACM Conference on Economics and Computation},
  pages={737--738},
  year={2021}
}

@article{bilmes2022submodularity,
  title={Submodularity in machine learning and artificial intelligence},
  author={J. Bilmes},
  journal={arXiv preprint arXiv:2202.00132},
  year={2022}
}

@article{BCCP22,
  title={A Near-Optimal Algorithm for Univariate Zeroth-Order Budget Convex Optimization},
  author={F. Bachoc and T. Cesari and R. Colomboni and A. Paudice},
  journal={arXiv preprint arXiv:2208.06720},
  year={2022}
}

@article{BCCP22b,
  title={Regret Analysis of Dyadic Search},
  author={F. Bachoc and T. Cesari and R. Colomboni and A. Paudice},
  journal={arXiv preprint arXiv:2209.00885},
  year={2022}
}

@book{BPP12,
  title={Stochastic Recursive Algorithms for Optimization: Simultaneous Perturbation Methods},
  author={S. Bhatnagar and H.L Prasad and L.A. Prashanth},
  isbn={9781447142850},
  series={Lecture Notes in Control and Information Sciences},
  year={2012},
  publisher={Springer London}
}

@article{ghadimi2013stochastic,
  title={Stochastic first-and zeroth-order methods for nonconvex stochastic programming},
  author={S. Ghadimi and G. Lan},
  journal={SIAM Journal on Optimization},
  volume={23},
  number={4},
  pages={2341--2368},
  year={2013},
  publisher={SIAM}
}

@article{spall1992multivariate,
  title={Multivariate stochastic approximation using a simultaneous perturbation gradient approximation},
  author={J. C. Spall},
  journal={IEEE transactions on automatic control},
  volume={37},
  number={3},
  pages={332--341},
  year={1992},
  publisher={IEEE}
}

@article{NJL09,
author = {Nemirovski, A. and Juditsky, A. and Lan, G. and Shapiro, A.},
title = {Robust Stochastic Approximation Approach to Stochastic Programming},
journal = {SIAM Journal on Optimization},
volume = {19},
number = {4},
pages = {1574-1609},
year = {2009},
}
    
    


@article{AM07,
author = {A. Mokkadem and M. Pelletier},
title = {{A companion for the Kieferâ€“Wolfowitzâ€“Blum stochastic approximation algorithm}},
volume = {35},
journal = {The Annals of Statistics},
number = {4},
publisher = {Institute of Mathematical Statistics},
pages = {1749 -- 1772},
year = {2007},
}


@article{PJ92,
  title={Acceleration of stochastic approximation by averaging},
  author={B. Polyak and A. Juditsky},
  journal={SIAM journal on control and optimization},
  volume={30},
  number={4},
  pages={838--855},
  year={1992},
  publisher={SIAM}
}

@inproceedings{Spa88,
  title={A stochastic approximation algorithm for large-dimensional systems in the Kiefer-Wolfowitz setting},
  author={J. Spall},
  booktitle={Proceedings of the 27th IEEE Conference on Decision and Control},
  pages={1544--1548},
  year={1988},
  organization={IEEE}
}



@article{Blu54,
  title={Multidimensional stochastic approximation methods},
  author={J. R. Blum},
  journal={The annals of mathematical statistics},
  pages={737--744},
  year={1954},
  publisher={JSTOR}
}

@article{RM51,
  title={A stochastic approximation method},
  author={H. Robbins and S. Monro},
  journal={The annals of mathematical statistics},
  pages={400--407},
  year={1951},
  publisher={JSTOR}
}

@article{KW52,
 author = {J. Kiefer and J. Wolfowitz},
 journal = {The Annals of Mathematical Statistics},
 number = {3},
 pages = {462--466},
 publisher = {Institute of Mathematical Statistics},
 title = {Stochastic Estimation of the Maximum of a Regression Function},
 volume = {23},
 year = {1952}
}

@article{yan2012extension,
  title={Extension of convex function},
  author={M. Yan},
  journal={arXiv preprint arXiv:1207.0944},
  year={2012}
}

@article{lee2021universal,
  title={Universal barrier is n-self-concordant},
  author={Y--T Lee and M--C Yue},
  journal={Mathematics of Operations Research},
  volume={46},
  number={3},
  pages={1129--1148},
  year={2021},
  publisher={INFORMS}
}

@book{simon2011convexity,
  title={Convexity: an analytic viewpoint},
  author={B. Simon},
  volume={187},
  year={2011},
  publisher={Cambridge University Press}
}


@article{kannan1995isoperimetric,
  title={Isoperimetric problems for convex bodies and a localization lemma},
  author={R. Kannan and L. Lov{\'a}sz and M. Simonovits},
  journal={Discrete \& Computational Geometry},
  volume={13},
  pages={541--559},
  year={1995},
  publisher={Springer}
}

@article{lovasz2006simulated,
  title={Simulated annealing in convex bodies and an O*(n4) volume algorithm},
  author={L. Lov{\'a}sz and S. Vempala},
  journal={Journal of Computer and System Sciences},
  volume={72},
  number={2},
  pages={392--417},
  year={2006},
  publisher={Elsevier}
}

@article{bach2013learning,
  title={Learning with submodular functions: A convex optimization perspective},
  author={F. Bach},
  journal={Foundations and Trends{\textregistered} in machine learning},
  volume={6},
  number={2-3},
  pages={145--373},
  year={2013},
  publisher={Now Publishers, Inc.}
}

@article{liu2020primer,
  title={A primer on zeroth-order optimization in signal processing and machine learning: Principals, recent advances, and applications},
  author={S. Liu and P-Y. Chen and B. Kailkhura and G. Zhang and A. Hero III and P. Varshney},
  journal={IEEE Signal Processing Magazine},
  volume={37},
  number={5},
  pages={43--54},
  year={2020},
  publisher={IEEE}
}

@article{Gru60,
author = {B. Gr{\"u}nbaum},
title = {{Partitions of mass-distributions and of convex bodies by hyperplanes.}},
volume = {10},
journal = {Pacific Journal of Mathematics},
number = {4},
publisher = {Pacific Journal of Mathematics, A Non-profit Corporation},
pages = {1257 -- 1261},
year = {1960},
}

@article{bertsimas2004solving,
  title={Solving convex programs by random walks},
  author={D. Bertsimas and S. Vempala},
  journal={Journal of the ACM (JACM)},
  volume={51},
  number={4},
  pages={540--556},
  year={2004},
  publisher={ACM New York, NY, USA}
}

@inproceedings{LFMV24,
  title={Online {N}ewton Method for Bandit Convex Optimisation},
  author={H. Fokkema and D. van der Hoeven and T. Lattimore and J. Mayo},
  booktitle={Conference on Learning Theory},
  year={2024},
}

@inproceedings{LFMV24-improved,
  title={Improved Online {N}ewton Method for Bandit Convex Optimisation},
  author={H. Fokkema and D. van der Hoeven and T. Lattimore and J. Mayo},
  jounral={in preparation},
  year={2024},
}


@article{drori2018properties,
  title={On the properties of convex functions over open sets},
  author={Y. Drori},
  journal={arXiv preprint arXiv:1812.02419},
  year={2018}
}

@inproceedings{cheshire2020influence,
  title={The influence of shape constraints on the thresholding bandit problem},
  author={J. Cheshire and P. M{\'e}nard and A. Carpentier},
  booktitle={Conference on Learning Theory},
  pages={1228--1275},
  year={2020},
  organization={PMLR}
}

@article{wang2023adaptivity,
  title={On adaptivity in nonstationary stochastic optimization with bandit feedback},
  author={Y. Wang},
  journal={Operations Research},
  year={2023},
  publisher={INFORMS}
}

@article{zhao2021bandit,
  title={Bandit convex optimization in non-stationary environments},
  author={P. Zhao and G. Wang and L. Zhang and Z-H. Zhou},
  journal={The Journal of Machine Learning Research},
  volume={22},
  number={1},
  pages={5562--5606},
  year={2021},
  publisher={JMLRORG}
}

@article{jamieson2012query,
  title={Query complexity of derivative-free optimization},
  author={K. Jamieson and R. Nowak and B. Recht},
  journal={Advances in Neural Information Processing Systems},
  volume={25},
  year={2012}
}

@article{liang2014zeroth,
  title={On zeroth-order stochastic convex optimization via random walks},
  author={T. Liang and H. Narayanan and A. Rakhlin},
  journal={arXiv preprint arXiv:1402.2667},
  year={2014}
}

@article{orseau2023line,
  title={Line Search for Convex Minimization},
  author={L. Orseau and M. Hutter},
  journal={arXiv preprint arXiv:2307.16560},
  year={2023}
}

@article{duchi2015optimal,
  title={Optimal rates for zero-order convex optimization: The power of two function evaluations},
  author={J. Duchi and M. Jordan and M. Wainwright and A. Wibisono},
  journal={IEEE Transactions on Information Theory},
  volume={61},
  number={5},
  pages={2788--2806},
  year={2015},
  publisher={IEEE}
}

@article{LG23,
  title={A Second-Order Method for Stochastic Bandit Convex Optimisation},
  author={T. Lattimore and A. Gy{\"o}rgy},
  journal={arXiv preprint arXiv:2302.05371},
  year={2023}
}

@article{L24,
  title={Bandit Convex Optimisation},
  author={T. Lattimore},
  journal={arXiv preprint},
  year={2024}
}




@InProceedings{zimmert22b,
  title = 	 {Return of the bias: Almost minimax optimal high probability bounds for adversarial linear bandits},
  author =       {J. Zimmert and T. Lattimore},
  booktitle = 	 {Proceedings of Thirty Fifth Conference on Learning Theory},
  pages = 	 {3285--3312},
  year = 	 {2022},
  editor = 	 {Loh, Po-Ling and Raginsky, Maxim},
  volume = 	 {178},
  series = 	 {Proceedings of Machine Learning Research},
  month = 	 {02--05 Jul},
  publisher =    {PMLR},
}



@article{balasubramanian2022zeroth,
  title={Zeroth-order nonconvex stochastic optimization: Handling constraints, high dimensionality, and saddle points},
  author={K. Balasubramanian and S. Ghadimi},
  journal={Foundations of Computational Mathematics},
  pages={1--42},
  year={2022},
  publisher={Springer}
}

@inproceedings{ADX10,
  title={Optimal Algorithms for Online Convex Optimization with Multi-Point Bandit Feedback.},
  author={A. Agarwal and O. Dekel and L. Xiao},
  booktitle={Conference on Learning Theory},
  pages={28--40},
  year={2010},
  organization={Citeseer}
}

@article{dowson1982frechet,
  title={The Fr{\'e}chet distance between multivariate normal distributions},
  author={D.C. Dowson and B.V. Landau},
  journal={Journal of multivariate analysis},
  volume={12},
  number={3},
  pages={450--455},
  year={1982},
  publisher={Elsevier}
}

@InProceedings{SRN21,
  title = 	 {Efficient Bandit Convex Optimization: Beyond Linear Losses},
  author =       {A. Suggala and P. Ravikumar and P. Netrapalli},
  booktitle = 	 {Proceedings of Thirty Fourth Conference on Learning Theory},
  pages = 	 {4008--4067},
  year = 	 {2021},
  editor = 	 {Belkin, Mikhail and Kpotufe, Samory},
  volume = 	 {134},
  series = 	 {Proceedings of Machine Learning Research},
  month = 	 {15--19 Aug},
  publisher =    {PMLR},
}




@InProceedings{LZZ22,
  title = 	 {Adaptive Bandit Convex Optimization with Heterogeneous Curvature},
  author =       {H. Luo and M. Zhang and P. Zhao},
  booktitle = 	 {Proceedings of Thirty Fifth Conference on Learning Theory},
  pages = 	 {1576--1612},
  year = 	 {2022},
  editor = 	 {Loh, Po-Ling and Raginsky, Maxim},
  volume = 	 {178},
  series = 	 {Proceedings of Machine Learning Research},
  month = 	 {02--05 Jul},
  publisher =    {PMLR},
}

@article{bubeck2014entropic,
  title={The entropic barrier: a simple and optimal universal self-concordant barrier},
  author={S. Bubeck and R. Eldan},
  journal={arXiv preprint arXiv:1412.1587},
  year={2014}
}

@inproceedings{chewi2023entropic,
  title={The entropic barrier is n-self-concordant},
  author={S. Chewi},
  booktitle={Geometric Aspects of Functional Analysis: Israel Seminar (GAFA) 2020-2022},
  pages={209--222},
  year={2023},
  organization={Springer}
}

@inproceedings{lattimore2021mirror,
  title={Mirror descent and the information ratio},
  author={T. Lattimore and A. Gy\"orgy},
  booktitle={Conference on Learning Theory},
  pages={2965--2992},
  year={2021},
  organization={PMLR}
}

@inproceedings{LG21b,
  title={Mirror descent and the information ratio},
  author={T. Lattimore and A. Gy\"orgy},
  booktitle={Conference on Learning Theory},
  pages={2965--2992},
  year={2021},
  organization={PMLR}
}

@InProceedings{LG21a,
  title =   {Improved Regret for Zeroth-Order Stochastic Convex Bandits},
  author =       {T. Lattimore and A. Gy\"orgy},
  booktitle =   {Proceedings of Thirty Fourth Conference on Learning Theory},
  pages =   {2938--2964},
  year =   {2021},
  editor =   {Belkin, Mikhail and Kpotufe, Samory},
  volume =   {134},
  series =   {Proceedings of Machine Learning Research},
  month =   {15--19 Aug},
  publisher =    {PMLR},
}

@article{nemirovski96,
title = "Lecture notes: Interior-point polynomial time methods for convex programming",
year = "1996",
author = "A. Nemirovski"
}

@article{tajdini2023minimax,
  title={Minimax Optimal Submodular Optimization with Bandit Feedback},
  author={A. Tajdini and L. Jain and K. Jamieson},
  journal={arXiv preprint arXiv:2310.18465},
  year={2023}
}

@inproceedings{takemori2020submodular,
  title={Submodular bandit problem under multiple constraints},
  author={S. Takemori and M. Sato and T. Sonoda and J. Singh and T. Ohkuma},
  booktitle={Conference on Uncertainty in Artificial Intelligence},
  pages={191--200},
  year={2020},
  organization={PMLR}
}

@article{chen2017interactive,
  title={Interactive submodular bandit},
  author={L. Chen and A. Krause and A. Karbasi},
  journal={Advances in Neural Information Processing Systems},
  volume={30},
  year={2017}
}

@article{foster2021submodular,
  title={On submodular contextual bandits},
  author={D. P. Foster and A. Rakhlin},
  journal={arXiv preprint arXiv:2112.02165},
  year={2021}
}
@article{KiKl76,
title = "On the maximal volume of convex bodies with few vertices",
journal = "Journal of Combinatorial Theory, Series A",
volume = "21",
number = "1",
pages = "124 - 128",
year = "1976",
author = "Bernd Kind and Peter Kleinschmidt"
}

@article{zhang2019online,
  title={Online continuous submodular maximization: From full-information to bandit feedback},
  author={M. Zhang and L. Chen and H. Hassani and A. Karbasi},
  journal={Advances in Neural Information Processing Systems},
  volume={32},
  year={2019}
}

@article{gabillon2013adaptive,
  title={Adaptive submodular maximization in bandit setting},
  author={V. Gabillon and B. Kveton and Z. Wen and B. Eriksson and S. Muthukrishnan},
  journal={Advances in Neural Information Processing Systems},
  volume={26},
  year={2013}
}

@article{hazan2012online,
  title={Online Submodular Minimization.},
  author={E. Hazan and S. Kale},
  journal={Journal of Machine Learning Research},
  volume={13},
  number={10},
  year={2012}
}

@article{HL16,
  title={An optimal algorithm for bandit convex optimization},
  author={E. Hazan and Y. Li},
  journal={arXiv preprint arXiv:1603.04350},
  year={2016}
}

@article{Li11,
author = {S. Li},
year = {2011},
pages = {},
title = {Concise Formulas for the Area and Volume of a Hyperspherical Cap},
volume = {4},
journal = {Asian Journal of Mathematics \& Statistics},
}

@article{Pro96,
  title={Algorithms for approximate calculation of the minimum of a convex function from its values},
  author={Protasov, V Yu},
  journal={Mathematical Notes},
  volume={59},
  number={1},
  pages={69--74},
  year={1996},
  publisher={Springer}
}

@article{Bub15,
  title={Convex Optimization: Algorithms and Complexity},
  author={S. Bubeck},
  journal={Foundations and Trends{\textregistered} in Machine Learning},
  volume={8},
  number={3-4},
  pages={231--357},
  year={2015},
  publisher={Now Publishers, Inc.}
}


@InProceedings{SNNJ21,
  title = 	 {Optimal regret algorithm for Pseudo-1d Bandit Convex Optimization},
  author =       {A. Saha and N. Natarajan and P. Netrapalli and P. Jain},
  booktitle = 	 {Proceedings of the 38th International Conference on Machine Learning},
  pages = 	 {9255--9264},
  year = 	 {2021},
  editor = 	 {Meila, Marina and Zhang, Tong},
  volume = 	 {139},
  series = 	 {Proceedings of Machine Learning Research},
  publisher =    {PMLR},
}


@inproceedings{Sah11,
  title={Improved regret guarantees for online smooth convex optimization with bandit feedback},
  author={A. Saha and A. Tewari},
  booktitle={Proceedings of the Fourteenth International Conference on Artificial Intelligence and Statistics},
  pages={636--642},
  year={2011}
}

@InProceedings{Ito20,
  title = 	 {An Optimal Algorithm for Bandit Convex Optimization with Strongly-Convex and Smooth Loss},
  author =       {S. Ito},
  booktitle = 	 {Proceedings of the Twenty Third International Conference on Artificial Intelligence and Statistics},
  pages = 	 {2229--2239},
  year = 	 {2020},
  volume = 	 {108},
  series = 	 {Proceedings of Machine Learning Research},
  month = 	 {26--28 Aug},
  publisher =    {PMLR},
}

@article{Sha17,
  title={An optimal algorithm for bandit and zero-order convex optimization with two-point feedback},
  author={O. Shamir},
  journal={The Journal of Machine Learning Research},
  volume={18},
  number={1},
  pages={1703--1713},
  year={2017},
  publisher={JMLR. org}
}

@book{Ver18,
  title={High-dimensional probability: An introduction with applications in data science},
  author={R. Vershynin},
  volume={47},
  year={2018},
  publisher={Cambridge university press}
}

@article{Riv12,
  title={Subgaussian random variables: An expository note},
  author={O. Rivasplata},
  journal={Internet publication, PDF},
  year={2012}
}

@article{milman2015mean,
  title={On the mean-width of isotropic convex bodies and their associated L p-centroid bodies},
  author={E. Milman},
  journal={International Mathematics Research Notices},
  volume={2015},
  number={11},
  pages={3408--3423},
  year={2015},
  publisher={Oxford University Press}
}

@article{finch2011mean,
  title={Mean width of a regular simplex},
  author={S. Finch},
  journal={arXiv preprint arXiv:1111.4976},
  year={2011}
}

@article{barthe1998extremal,
  title={An extremal property of the mean width of the simplex},
  author={F. Barthe},
  journal={Mathematische Annalen},
  volume={310},
  pages={685--693},
  year={1998},
  publisher={Springer}
}

@book{ASG15,
  title={Asymptotic geometric analysis, Part I},
  author={S. Artstein-Avidan and A. Giannopoulos and V. D. Milman},
  volume={202},
  year={2015},
  publisher={American Mathematical Soc.}
}


@inproceedings{BS20,
  title={First-Order Bayesian Regret Analysis of Thompson Sampling},
  author={S. Bubeck and M. Sellke},
  booktitle={Algorithmic Learning Theory},
  pages={196--233},
  year={2020}
}

@InProceedings{KLK20,
  title = 	 {Information Directed Sampling for Linear Partial Monitoring},
  author = 	 {J. Kirschner and T. Lattimore and A. Krause},
  booktitle = 	 {Proceedings of Thirty Third Conference on Learning Theory},
  pages = 	 {2328--2369},
  year = 	 {2020},
  editor = 	 {Jacob Abernethy and Shivani Agarwal},
  volume = 	 {125},
  series = 	 {Proceedings of Machine Learning Research},
  publisher = 	 {PMLR},
}

@inproceedings{BLN15,
  title={Escaping the local minima via simulated annealing: Optimization of approximately convex functions},
  author={A. Belloni and T. Liang and H. Narayanan and A. Rakhlin},
  booktitle={Conference on Learning Theory},
  pages={240--265},
  year={2015}
}

@inproceedings{FK05,
  title={Online Convex Optimization in the Bandit Setting: Gradient Descent Without a Gradient},
  author={Flaxman, A and Kalai, A and McMahan, HB},
  booktitle={SODA'05: Proceedings of the sixteenth annual ACM-SIAM symposium on Discrete algorithms},
  pages={385--394},
  year={2005}
}


@book{LS20book,
  title={Bandit algorithms},
  author={T. Lattimore and Cs.\ Szepesv{\'a}ri},
  year={2020},
  publisher={Cambridge University Press}
}

@InProceedings{DMV19,
  title = 	 {On the Performance of Thompson Sampling on Logistic Bandits},
  author = 	 {S. Dong and T. Ma and B. Van Roy},
  booktitle = 	 {Proceedings of the Thirty-Second Conference on Learning Theory},
  pages = 	 {1158--1160},
  year = 	 {2019},
  editor = 	 {Beygelzimer, Alina and Hsu, Daniel},
  volume = 	 {99},
  series = 	 {Proceedings of Machine Learning Research},
  address = 	 {Phoenix, USA},
  month = 	 {25--28 Jun},
  publisher = 	 {PMLR},
}

@inproceedings{CT16,
	title={Phased exploration with greedy exploitation in stochastic combinatorial partial monitoring games},
	author={S. Chaudhuri and A. Tewari},
	booktitle={Advances in Neural Information Processing Systems},
	pages={2433--2441},
	year={2016}
}

@article{Lat20-cvx,
  title={Improved Regret for Zeroth-Order Adversarial Bandit Convex Optimisation},
  author={T. Lattimore},
  journal={Mathematical Statistics and Learning},
  volume={2},
  number={3/4},
  pages={311--334},
  year={2020}
}

@article{DCP16,
    author       = {B. O'Donoghue and E. Chu and N. Parikh and S. Boyd},
    title        = {Conic Optimization via Operator Splitting and Homogeneous Self-Dual Embedding},
    journal      = {Journal of Optimization Theory and Applications},
    year         = {2016},
    volume       = {169},
    number       = {3},
    pages        = {1042-1068},
}

@misc{DCP17,
    author       = {B. O'Donoghue and E. Chu and N. Parikh and S. Boyd},
    title        = {{SCS}: Splitting Conic Solver, version 2.1.1},
    howpublished = {\url{https://github.com/cvxgrp/scs}},
    month        = nov,
    year         = 2017
}


@article{HeLiLo00,
  author    = {D. P. Helmbold and
               N. Littlestone and
               P. M. Long},
  title     = {Apple Tasting},
  journal   = {Information and Computation},
  volume    = {161},
  number    = {2},
  pages     = {85--139},
  year      = {2000},
}

@inproceedings{BarSze12,
	Author = {G. Bart{\'o}k and Cs. Szepesv{\'a}ri},
  booktitle =  {Proceedings of the 23rd International Conference on Algorithmic Learning Theory},
	Pages = {305--319},
	Title = {Partial monitoring with side information},
	Year = {2012}}



@incollection{ZL19,
title = {Connections Between Mirror Descent, Thompson Sampling and the Information Ratio},
author = {J. Zimmert and T. Lattimore},
booktitle = {Advances in Neural Information Processing Systems},
pages = {11973--11982},
year = {2019},
publisher = {Curran Associates, Inc.},
}

@inproceedings{SKK10,
author = {N. Srinivas and A. Krause and S. Kakade and M. Seeger},
title = {Gaussian Process Optimization in the Bandit Setting: No Regret and Experimental Design},
year = {2010},
publisher = {Omnipress},
address = {Madison, WI, USA},
booktitle = {Proceedings of the 27th International Conference on Machine Learning},
pages = {1015â€“1022},
location = {Haifa, Israel},
}
  


@incollection{KP19,
title = {Doubly-Robust Lasso Bandit},
author = {G-S. Kim and M. C. Paik},
booktitle = {Advances in Neural Information Processing Systems},
pages = {5877--5887},
year = {2019},
publisher = {Curran Associates, Inc.},
}


@article{BB20,
  title={Online decision making with high-dimensional covariates},
  author={H. Bastani and M. Bayati},
  journal={Operations Research},
  volume={68},
  number={1},
  pages={276--294},
  year={2020},
  publisher={INFORMS}
}

@incollection{DK19,
title = {Pure Exploration with Multiple Correct Answers},
author = {R. Degenne and W. M. Koolen},
booktitle = {Advances in Neural Information Processing Systems},
pages = {14591--14600},
year = {2019},
publisher = {Curran Associates, Inc.},
}


@incollection{DKM19,
title = {Non-Asymptotic Pure Exploration by Solving Games},
author = {R. Degenne and W. M. Koolen and P. M\'{e}nard},
booktitle = {Advances in Neural Information Processing Systems},
pages = {14492--14501},
year = {2019},
publisher = {Curran Associates, Inc.},
}


@misc{HB20,
  title={A General Framework to Analyze Stochastic Linear Bandit},
  author={N. Hamidi and M. Bayati},
  howpublished={arXiv:2002.05152},
  year={2020}
}

@inproceedings{OPT18,
author = {J. Ok and A. Proutiere and D. Tranos},
title = {Exploration in Structured Reinforcement Learning},
year = {2018},
publisher = {Curran Associates Inc.},
address = {Red Hook, NY, USA},
booktitle = {Advances in Neural Information Processing Systems},
location = {Montr\'{e}al, Canada},
}

@inproceedings{HLS20,
  author = {B. Hao and T. Lattimore and Cs. Szepesv{\'a}ri},
  title = {Adaptive Exploration in Linear Contextual Bandit},
  year = {2020},
  booktitle = {Proceedings of the 23rd International Conference on Artificial Intelligence and Statistics},
  location = {Palermo, Italy}
}


@misc{FR20,
  title={Beyond {UCB}: Optimal and Efficient Contextual Bandits with Regression Oracles},
  author={D. J. Foster and A. Rakhlin},
  howpublished={arXiv:2002.04926},
  year={2020}
}


@InProceedings{FAD18,
  title =   {Practical Contextual Bandits with Regression Oracles},
  author =   {D. Foster and A. Agarwal and M. Dudik and H. Luo and R. Schapire},
  booktitle =   {Proceedings of the 35th International Conference on Machine Learning},
  pages =   {1539--1548},
  year =   {2018},
  address =   {Stockholmsm{\"a}ssan, Stockholm Sweden},
  month =   {10--15 Jul},
  publisher =   {PMLR},
}

@misc{BK18,
  title={What doubling tricks can and can't do for multi-armed bandits},
  author={L. Besson and E. Kaufmann},
  howpublished={arXiv:1803.06971},
  year={2018}
}

@article{PV06,
  title={On the approximability of the traveling salesman problem},
  author={C. H. Papadimitriou and S. Vempala},
  journal={Combinatorica},
  volume={26},
  number={1},
  pages={101--120},
  year={2006},
  publisher={Springer}
}

@misc{BoRi19,
  author    = {D. Bouneffouf and I. Rish},
  title     = {A Survey on Practical Applications of Multi-Armed and Contextual Bandits},
  year      = {2019},
  howpublished    = {arXiv:1904.10040},
}

@misc{malloy2020optimal,
    title={Optimal Confidence Regions for the Multinomial Parameter},
    author={Matthew L. Malloy and Ardhendu Tripathy and Robert D. Nowak},
    year={2020},
    howpublished={arXiv:2002.01044},
}

@InProceedings{LWZ19,
  title = 	 {Nearly Minimax-Optimal Regret for Linearly Parameterized Bandits},
  author = 	 {Y. Li and Y. Wang and Y. Zhou},
  booktitle = 	 {Proceedings of the 32nd Conference on Learning Theory},
  pages = 	 {2173--2174},
  year = 	 {2019},
  address = 	 {Phoenix, USA},
  publisher = 	 {JMLR.org},
}

@misc{QFPL18,
Author = {Jian Qian and Ronan Fruit and Matteo Pirotta and Alessandro Lazaric},
Title = {Concentration Inequalities for Multinoulli Random Variables},
Url = {https://rlgammazero.github.io/docs/JFPL2018notesPSRL.pdf},
Year = {2018}}

@article{Slu77,
  title={Distribution inequalities for the binomial law},
  author={E. V. Slud},
  journal={The Annals of Probability},
  pages={404--412},
  year={1977},
  publisher={JSTOR}
}

@article{KK94,
  title={Dynamic allocation problems in continuous time},
  author={N. El Karoui and I. Karatzas},
  journal={The Annals of Applied Probability},
  pages={255--286},
  year={1994},
  publisher={JSTOR}
}

@misc{LS19features,
  title={Learning with Good Feature Representations in Bandits and in {RL} with a Generative Model},
  author={T. Lattimore and Cs. Szepesv{\'a}ri},
  howpublished = {arXiv:1911.07676},
  year={2019}
}

@inproceedings{GCG17,
  title={Misspecified linear bandits},
  author={A. Ghosh and S. R. Chowdhury and A. Gopalan},
  booktitle={31st AAAI Conference on Artificial Intelligence},
  year={2017}
}



@InProceedings{LS19pmsimple,
  title =   {Exploration by Optimisation in Partial Monitoring},
  author =   {T. Lattimore and Cs. Szepepv{\'a}ri},
  booktitle =   {Proceedings of 33rd Conference on Learning Theory},
  pages =   {2488--2515},
  year =   {2020},
  editor =   {Abernethy, Jacob and Agarwal, Shivani},
  volume =   {125},
  series =   {Proceedings of Machine Learning Research},
}




@InProceedings{CV15,
  title = 	 {Simple regret for infinitely many armed bandits},
  author = 	 {A. Carpentier and M. Valko},
  booktitle = 	 {Proceedings of the 32nd International Conference on Machine Learning},
  pages = 	 {1133--1141},
  year = 	 {2015},
  address = 	 {Lille, France},
  publisher = 	 {PMLR},
}

@inproceedings{BP13,
  title={Two-target algorithms for infinite-armed bandits with Bernoulli rewards},
  author={T. Bonald and A. Proutiere},
  booktitle={Advances in Neural Information Processing Systems},
  pages={2184--2192},
  year={2013}
}

@inproceedings{WAM09,
  title={Algorithms for infinitely many-armed bandits},
  author={Y. Wang and J-Y. Audibert and R. Munos},
  booktitle={Advances in Neural Information Processing Systems},
  pages={1729--1736},
  year={2009}
}

@article{BCZ97,
  title={Bandit problems with infinitely many arms},
  author={D. A. Berry and R. W. Chen and A. Zame and D. C. Heath and L. A. Shepp},
  journal={The Annals of Statistics},
  volume={25},
  number={5},
  pages={2103--2116},
  year={1997},
  publisher={Institute of Mathematical Statistics}
}

@book{GPS19,
  title = {Online learning: Algorithms for Big Data},
  year = {2019},
  author={A. Gy{\"o}rgy and D. P{\'a}l and Cs. Szepesv{\'a}ri},
  publisher={}
}

@InProceedings{ZLW19,
  title = 	 {Beating Stochastic and Adversarial Semi-bandits Optimally and Simultaneously},
  author = 	 {J. Zimmert and H. Luo and C-Y. Wei},
  booktitle = 	 {Proceedings of the 36th International Conference on Machine Learning},
  pages = 	 {7683--7692},
  year = 	 {2019},
  address = 	 {Long Beach, California, USA},
  month = 	 {09--15 Jun},
  publisher = 	 {JMLR.org},
}

@article{Bay63,
  title={{LII. A}n essay towards solving a problem in the doctrine of chances. By the late {R}ev. {M}r. {B}ayes, {FRS} communicated by {M}r. {P}rice, in a letter to {J}ohn {C}anton, {AMFR S}},
  author={T. Bayes},
  journal={Philosophical transactions of the Royal Society of London},
  volume={53},
  pages={370--418},
  year={1763},
  publisher={The Royal Society London}
}

@book{Ber15,
  title={Convex optimization algorithms},
  author={D. P. Bertsekas},
  year={2015},
  publisher={Athena Scientific Belmont}
}

@article{Glo19,
author = {D. Glowacka},
year = {2019},
month = {01},
pages = {299-424},
title = {Bandit Algorithms in Information Retrieval},
volume = {13},
journal = {Foundations and TrendsÂ® in Information Retrieval},
}

@article{MoGa19,
    author = {J. Mourtada and S. Ga{\"\i}ffas},
    title = {On the optimality of the {H}edge algorithm in the stochastic regime},
    journal = {Journal of Machine Learning Research},
    volume = {20},
    number = {83},
    pages = {1--28},
    year = {2019}}

@InProceedings{ZiSe19,
  title = 	 {An Optimal Algorithm for Stochastic and Adversarial Bandits},
  author = 	 {J. Zimmert and Y. Seldin},
  booktitle = 	 {AISTATS},
  pages = 	 {467--475},
  year = 	 {2019}}

@inproceedings{AGO19,
 author = {P. Auer and P. Gajane and R. Ortner},
 title = {Adaptively Tracking the Best Bandit Arm with an Unknown Number of Distribution Changes},
 booktitle = 	 {Proceedings of the 32nd Conference on Learning Theory},
 year = {2019}}

@inproceedings{DaHa06,
    author = {Dani, V. and Hayes, T. P.},
    title ={Robbing the bandit: Less regret in online geometric optimization against an adaptive adversary},
    booktitle = {17th Annual ACM-SIAM Symposium on Discrete Algorithms},
    pages = {937--943},
    year = {2006}}

@inproceedings{KuEl05,
  title={On following the perturbed leader in the bandit setting},
  author={J. Kujala and T. Elomaa},
  booktitle =  {Proceedings of the 16th International Conference on Algorithmic Learning Theory},
  pages={371--385},
  year={2005}}

@inproceedings{KuEl07,
      author = {J. Kujala and T. Elomaa},
      title = {Following the Perturbed Leader to Gamble at Multi-armed Bandits},
      booktitle =  {Proceedings of the 18th International Conference on Algorithmic Learning Theory},
      pages = {166--180},
      publisher = {Springer},
      year = {2007}}

@inproceedings{WaJa97,
      author = {M. K. Warmuth and A. Jagota},
      title = {Continuous and discrete-time nonlinear gradient descent: Relative loss bounds and Convergence},
      booktitle = {Electronic Proceedings of the 5th International Symposium on Artificial Intelligence and Mathematics},
      year = {1997}}

@article{GO06,
      title={Adaptive routing using expert advice},
      author={A. Gy{\"o}rgy and G. Ottucsak},
      journal={The Computer Journal},
      volume={49},
      number={2},
      pages={180--189},
      year={2006},
      publisher={OUP}}

@InProceedings{LSV18,
      title = 	 {Efficient Convex Optimization with Membership Oracles},
      author = 	 {Y. T. Lee and A. Sidford and S. S. Vempala},
      booktitle = 	 {Proceedings of the 31st  Conference On Learning Theory},
      pages = 	 {1292--1294},
      year = 	 {2018},
      address = 	 {},
      month = 	 {06--09 Jul},
      publisher = 	 {JMLR.org},
}

@article{TW03,
  title={Path kernels and multiplicative updates},
  author={E. Takimoto and M. K. Warmuth},
  journal={Journal of Machine Learning Research},
  volume={4},
  pages={773--818},
  year={2003}
}


@inproceedings{Gordon99,
    author = {G. J. Gordon},
    title = {Regret bounds for prediction problems},
    year = {1999},
    booktitle = {Proceedings of the 12th Conference on Learning Theory},
    pages = {29--40}
}

@article{Ora19,
  title={A modern introduction to online learning},
  author={F. Orabona},
  journal={arXiv preprint arXiv:1912.13213},
  year={2019}
}

@article{OrCrCB14,
    author = {F. Orabona and K. Crammer and N. Cesa-Bianchi},
    title = {A generalized online mirror descent with applications to classification and regression},
    journal = {Machine Learning},
    year = {2014},
    volume = {99},
    number = {3},
    pages = {411--435},
}

@article{PT99,
  title={On the optimality of the Gittins index rule for multi-armed bandits with multiple plays},
  author={D. G. Pandelis and D. Teneketzis},
  journal={Mathematical Methods of Operations Research},
  volume={50},
  number={3},
  pages={449--461},
  year={1999},
  publisher={Springer}
}

@inproceedings{HEK18,
  title = 	 {The Many Faces of Exponential Weights in Online Learning},
  author = 	 {D. van der Hoeven and T. van Erven and W. Kot{\l}owski},
  booktitle = {Proceedings of the 31st Conference on Learning Theory},
  pages = 	 {2067--2092},
  year = 	 {2018},
}

@book{Wil91,
  title={Probability with martingales},
  author={D. Williams},
  year={1991},
  publisher={Cambridge University Press}
}

@misc{CLL19,
  title={A New Algorithm for Non-stationary Contextual Bandits: Efficient, Optimal, and Parameter-free},
  author={Y. Chen and C-W. Lee and H. Luo and C-Y. Wei},
  howpublished={arXiv:1902.00980},
  year={2019}
}

@inproceedings{AGO18,
  title = {Adaptively Tracking the Best Arm with an Unknown Number of Distribution Changes},
  author = {P. Auer and P. Gajane and R. Ortner},
  year = {2018},
  booktitle = {European Workshop on Reinforcement Learning 14},
}

@inproceedings{CV14,
title = {Extreme bandits},
author = {A. Carpentier and M. Valko},
booktitle = {Advances in Neural Information Processing Systems},
pages = {1089--1097},
year = {2014},
publisher = {Curran Associates, Inc.},
}

@inproceedings{SF06b,
  title={An asymptotically optimal algorithm for the max $k$-armed bandit problem},
  author={M. J Streeter and S. F. Smith},
  booktitle={Proceedings of the National Conference on Artificial Intelligence},
  pages={135--142},
  year={2006},
}

@inproceedings{SF06,
  title={A simple distribution-free approach to the max $k$-armed bandit problem},
  author={M. J. Streeter and S. F. Smith},
  booktitle={International Conference on Principles and Practice of Constraint Programming},
  pages={560--574},
  year={2006},
  organization={Springer}
}

@inproceedings{CS05,
  title={The max $k$-armed bandit: A new model of exploration applied to search heuristic selection},
  author={V. A. Cicirello and S. F. Smith},
  booktitle={AAAI},
  pages={1355--1361},
  year={2005}
}

@inproceedings{ACG17,
  title={Max $K$-armed bandit: On the ExtremeHunter algorithm and beyond},
  author={M. Achab and S. Cl{\'e}men{\c{c}}on and A. Garivier and A. Sabourin and C. Vernade},
  booktitle={Joint European Conference on Machine Learning and Knowledge Discovery in Databases},
  pages={389--404},
  year={2017},
  organization={Springer}
}


@book{Bog07,
  title={Measure theory},
  author={V. I. Bogachev},
  volume={2},
  year={2007},
  publisher={Springer Science \& Business Media}
}



@InProceedings{CL18,
  title = 	 {More Adaptive Algorithms for Adversarial Bandits},
  author = 	 {C-Y. Wei and H. Luo},
  booktitle = 	 {Proceedings of the 31st  Conference On Learning Theory},
  pages = 	 {1263--1291},
  year = 	 {2018},
  address = 	 {},
  month = 	 {06--09 Jul},
  publisher = 	 {JMLR.org},
}

@book{Vap98,
  title={Statistical learning theory. 1998},
  author={Vapnik, V.},
  volume={3},
  year={1998},
  publisher={Wiley, New York}
}

@InProceedings{CWY13,
  title = 	 {Combinatorial Multi-Armed Bandit: General Framework and Applications},
  author = 	 {W. Chen and Y. Wang and Y. Yuan},
  booktitle = 	 {Proceedings of the 30th International Conference on Machine Learning},
  pages = 	 {151--159},
  year = 	 {2013},
  address = 	 {Atlanta, Georgia, USA},
  month = 	 {17--19 Jun},
  publisher = 	 {PMLR},
}

@InProceedings{WC18,
  title = 	 {Thompson Sampling for Combinatorial Semi-Bandits},
  author = 	 {S. Wang and W. Chen},
  booktitle = 	 {Proceedings of the 35th International Conference on Machine Learning},
  pages = 	 {5114--5122},
  year = 	 {2018},
  address = 	 {Stockholmsm{\"a}ssan, Stockholm Sweden},
  month = 	 {10--15 Jul},
  publisher = 	 {JMLR.org},
}

@inproceedings{HOL18,
  title={Combinatorial Pure Exploration with Continuous and Separable Reward Functions and Its Applications.},
  author={W. Huang and J. Ok and L. Li and W. Chen},
  booktitle={IJCAI},
  pages={2291--2297},
  year={2018}
}

@inproceedings{WC17,
title = {Improving Regret Bounds for Combinatorial Semi-Bandits with Probabilistically Triggered Arms and Its Applications},
author = {Q. Wang and W. Chen},
booktitle = {Advances in Neural Information Processing Systems},
pages = {1161--1171},
year = {2017},
publisher = {Curran Associates, Inc.},
}


@inproceedings{CHL16,
title = {Combinatorial Multi-Armed Bandit with General Reward Functions},
author = {W. Chen and W. Hu and F. Li and J. Li and Y. Liu and P. Lu},
booktitle = {Advances in Neural Information Processing Systems},
pages = {1659--1667},
year = {2016},
publisher = {Curran Associates, Inc.},
}


@article{CWY16,
  author  = {W. Chen and Y. Wang and Y. Yuan and Q. Wang},
  title   = {Combinatorial Multi-Armed Bandit and Its Extension to Probabilistically Triggered Arms},
  journal = {Journal of Machine Learning Research},
  year    = {2016},
  volume  = {17},
  number  = {50},
  pages   = {1-33},
  url     = {http://jmlr.org/papers/v17/14-298.html}
}

@inproceedings{LLC15,
title = {Stochastic Online Greedy Learning with Semi-bandit Feedbacks},
author = {T. Lin and J. Li and W. Chen},
booktitle = {Advances in Neural Information Processing Systems},
pages = {352--360},
year = {2015},
publisher = {Curran Associates, Inc.},
}


@inproceedings{CLK14,
title = {Combinatorial Pure Exploration of Multi-Armed Bandits},
author = {S. Chen and T. Lin and I. King and M. R. Lyu and W. Chen},
booktitle = {Advances in Neural Information Processing Systems},
pages = {379--387},
year = {2014},
publisher = {Curran Associates, Inc.},
}


@InProceedings{LAK14,
  title = 	 {Combinatorial Partial Monitoring Game with Linear Feedback and Its Applications},
  author = 	 {T. Lin and B. Abrahao and R. Kleinberg and J. Lui and W. Chen},
  booktitle = 	 {Proceedings of the 31st International Conference on Machine Learning},
  pages = 	 {901--909},
  year = 	 {2014},
  address = 	 {Bejing, China},
  month = 	 {22--24 Jun},
  publisher = 	 {PMLR},
}

@book{Rud91,
  title={Functional Analysis},
  author={W. Rudin},
  series={International series in pure and applied mathematics},
  year={1991},
  publisher={McGraw-Hill}
}

@book{Coh80,
  title={Measure theory},
  author={D. L. Cohn},
  volume={165},
  year={1980},
  publisher={Springer}
}

@inproceedings{MaCoPr14,
  author    = {S. Magureanu and R. Combes and A. Prouti{\`{e}}re},
  title     = {Lipschitz Bandits: Regret Lower Bound and Optimal Algorithms},
  booktitle = {Proceedings of the 27th Conference on Learning Theory},
  pages     = {975--999},
  year      = {2014},
}

@inproceedings{CoPr14,
  author    = {R. Combes and A. Prouti{\`{e}}re},
  title     = {Unimodal Bandits: Regret Lower Bounds and Optimal Algorithms},
  booktitle = {Proceedings of the 31st International Conference on Machine Learning},
  pages     = {521--529},
  year      = {2014},
}

@inproceedings{CoMaPr17,
  author    = {R. Combes and
               S. Magureanu and
               A. Prouti{\`{e}}re},
  title     = {Minimal Exploration in Structured Stochastic Bandits},
  booktitle = {Advances in Neural Information Processing Systems},
  pages     = {1761--1769},
  year      = {2017},
}

@article{PeRi2013,
    author = {Perchet, V. and Rigollet, P.},
    journal = {The Annals of Statistics},
    month = {04},
    number = {2},
    pages = {693--721},
    title = {The multi-armed bandit problem with covariates},
    volume = {41},
    year = {2013},
    notes = {finitely many arms, with context; reward function for each arm is smooth.}
}


@misc{Fin97,
  title={A compendium of conjugate priors},
  author={D. Fink},
  year={1997},
}

@inproceedings{RaShaSri12,
  author    = {A. Rakhlin and
               O. Shamir and
               K. Sridharan},
  title     = {Making Gradient Descent Optimal for Strongly Convex Stochastic Optimization},
  booktitle = {Proceedings of the 29th International Conference on Machine Learning},
  year      = {2012},
}

@misc{LiNaRa14,
  author    = {T. Liang and
               H. Narayanan and
               A. Rakhlin},
  title     = {On Zeroth-Order Stochastic Convex Optimization via Random Walks},
  howpublished = {arXiv:1402.2667},
  year      = {2014},
}

@article{KT93,
author = {L. Khachiyan and M. Todd},
year = {1993},
month = {08},
pages = {137-159},
title = {On the complexity of approximating the maximal inscribed ellipsoid for a polytope},
volume = {61},
journal = {Math. Program.},
}

@article{foster2022complexity,
  title={On the complexity of adversarial decision making},
  author={D. J. Foster and A. Rakhlin and A. Sekhari and K. Sridharan},
  journal={Advances in Neural Information Processing Systems},
  volume={35},
  pages={35404--35417},
  year={2022}
}

@article{foster2021statistical,
  title={The statistical complexity of interactive decision making},
  author={D. J. Foster and S. Kakade and J. Qian and A. Rakhlin},
  journal={arXiv preprint arXiv:2112.13487},
  year={2021}
}

@article{AFHK13,
	Author = {A. Agarwal and D. P. Foster and D. Hsu and S. M. Kakade and A. Rakhlin},
	Journal = {SIAM Journal on Optimization},
	Number = {1},
	Pages = {213--240},
	Title = {Stochastic Convex Optimization with Bandit Feedback},
	Volume = {23},
	Year = {2013}}


@article{katkul,
	Author = {Katkovnik, V. Ya and Kulchitsky, Yu},
	Journal = {Automation Remote Control},
	Pages = {1321--1326},
	Title = {Convergence of a class of random search algorithms},
	Volume = {8},
	Year = 1972}

@article{Rios2013,
	Author = {L. M. Rios and N. V. Sahinidis},
	Journal = {Journal of Global Optimization},
	Month = {Jul},
	Number = {3},
	Pages = {1247--1293},
	Title = {Derivative-free optimization: a review of algorithms and comparison of software implementations},
	Volume = {56},
	Year = {2013}}


@Book{ConnScheVice09,
  Author = {A. R. Conn and K. Scheinberg and L. N. Vicente},
  Title = {Introduction to Derivative-Free Optimization},
  Publisher  = {SIAM},
  Year = {2009},
}


@inproceedings{AuOrSze2007,
	Author = {Auer, P. and Ortner, R. and Szepesv{\'a}ri, {Cs}.},
	Title = {Improved Rates for the Stochastic Continuum-Armed Bandit Problem},
  booktitle = {Proceedings of the 20th Conference on Learning Theory},
	Pages = {454--468},
	Year = {2007}
}


@inproceedings{Go83,
    author = {Goldsman, D.},
    title = {Ranking and selection in simulation},
    booktitle = {15th conference on Winter Simulation},
    pages = {387--394},
    year = {1983},
}

@incollection{GoPa88,
	Author = {S. S. Gupta and S. Panchapakesan},
	Title = {Selection and ranking procedures in reliability models},
	Booktitle = {Quality Control and Reliability},
	Pages = {131--156},
	Series = {Handbook of Statistics},
	Volume = {7},
	Year = {1988},
}

@book{GiOlSo99,
	Author = {Gibbons, J. and Olkin, I. and Sobel, M.},
	Title = {Selecting and Ordering Populations: A New Statistical Methodology},
	Publisher = {Society for Industrial and Applied Mathematics},
	Year = {1999}
}

@article{BeElMo59,
    author = {R. E. Bechhofer and S. Elmaghraby and N. Morse},
    title = {A Single-Sample Multiple-Decision Procedure for Selecting the Multinomial Event Which Has the Highest Probability},
    journal = {The Annals of Mathematical Statistics},
    volume = {30},
    number = {1},
    pages = {102--119},
    year = {1959},
}

@article{ChanLai06,
      author = {Chan, H. P. and Lai, T. L.},
      title = {Sequential Generalized Likelihood Ratios and Adaptive Treatment Allocation for Optimal Sequential Selection},
      journal = {Sequential Analysis},
      volume = {25},
      pages = {179--201},
      year = {2006},
}

@article{BE18,
  title={Exploratory distributions for convex functions},
  author={S. Bubeck and R. Eldan},
  journal={Mathematical Statistics and Learning},
  volume={1},
  number={1},
  pages={73--100},
  year={2018}
}


@InProceedings{LS19pminfo,
  title =   {An Information-Theoretic Approach to Minimax Regret in Partial Monitoring},
  author =   {T. Lattimore and Cs. Szepesv{\'a}ri},
  booktitle =   {Proceedings of the 32nd Conference on Learning Theory},
  pages =   {2111--2139},
  year =   {2019},
  address =   {Phoenix, USA},
  publisher =   {PMLR},
}


@InProceedings{KSW18,
  title =   {Garbage In, Reward Out: Bootstrapping Exploration in Multi-Armed Bandits},
  author =   {B. Kveton and Cs. Szepesv{\'a}ri and S. Vaswani and Z. Wen and T. Lattimore and M. Ghavamzadeh},
  booktitle =   {Proceedings of the 36th International Conference on Machine Learning},
  pages =   {3601--3610},
  year =   {2019},
  address =   {Long Beach, California, USA},
  month =   {09--15 Jun},
  publisher =   {PMLR},
}


@book{Str11,
  title={Mathematical theory of statistics: statistical experiments and asymptotic decision theory},
  author={H. Strasser},
  volume={7},
  year={2011},
  publisher={Walter de Gruyter}
}

@book{ADH77,
  title={Agricultural decision analysis},
  author={J. R. Anderson and J. L. Dillon and J. E. Hardaker},
  year={1977},
  series = {Monographs: Applied Economics},
  publisher={Iowa State University Press}
}

@inproceedings{FPL18,
  title={Near Optimal Exploration-Exploitation in Non-Communicating Markov Decision Processes},
  author={R. Fruit and M. Pirotta and A. Lazaric},
  booktitle={Advances in Neural Information Processing Systems},
  pages={2997--3007},
  year={2018}
}


@article{Lev73,
  title={On the notion of a random sequence},
  author={L. A. Levin},
  journal={Soviet Mathematics Doklady},
  volume={14},
  number={5},
  pages={1413--1416},
  year={1973}
}

@article{Mar66,
  title={The definition of random sequences},
  author={P. Martin-L{\"o}f},
  journal={Information and Control},
  volume={9},
  number={6},
  pages={602--619},
  year={1966},
  publisher={Elsevier}
}

@book{PreSo90,
title = {Sequential control with incomplete information. The {B}ayesian approach to multi-armed bandit problems},
author = {E. L. Presman and I. N. Sonin},
year = 1990,
publisher = {Academic Press}
}

@book{MBd18,
    author = {Muller, Jean{-}Michel and
                   Brisebarre, Nicolas and
                   de Dinechin, Florent  and
                   Jeannerod, Claude{-}Pierre and
                   Joldes, Mioara and
                   Lef{\`{e}}vre, Vincent  and
                   Melquiond, Guillaume and
                   Revol, Nathalie and
                   Torres, Serge},
    title = {Handbook of Floating-Point Arithmetic},
    publisher = {Birkh{\"a}user},
    edition = {2},
    year = {2018}
}

@inproceedings{RoSi72,
	Author = {H. Robbins and D. Siegmund},
	Booktitle = {Proceedings of the Sixth {B}erkeley Symposium on Mathematical Statistics and Probability},
	Pages = {37--41},
	Publisher = {University of California Press},
	Title = {A class of stopping rules for testing parametric hypotheses},
	Year = {1972}}

@article{Fed72,
	Author = {Fedorov, V. V.},
	Journal = {Academic Press, New York},
	Title = {Theory of optimal experiments},
	Year = {1972}}

@article{Wyn70,
	Author = {H. P. Wynn},
	Journal = {The Annals of Mathematical Statistics},
	Pages = {1655--1664},
	Publisher = {JSTOR},
	Title = {The sequential generation of {D}-optimum experimental designs},
	Year = {1970}}

@article{FW56,
	Author = {M. Frank and P. Wolfe},
	Journal = {Naval Research Logistics Quarterly},
	Number = {1-2},
	Pages = {95--110},
	Publisher = {Wiley Online Library},
	Title = {An algorithm for quadratic programming},
	Volume = {3},
	Year = {1956}}

@inproceedings{HPGySz16:BCO,
	Author = {Hu, X. and {Prashanth L.A.} and Gy{\"o}rgy, A. and {Sz}epesv{\'a}ri, {Cs}.},
	Booktitle = {AISTATS},
	Pages = {819--828},
	Title = {({B}andit) Convex Optimization with Biased Noisy Gradient Oracles},
	Year = {2016}}

@article{SS12,
year = {2012},
volume = {4},
journal = {Foundations and Trends in Machine Learning},
title = {Online Learning and Online Convex Optimization},
number = {2},
pages = {107-194},
author = {S. Shalev-Shwartz}
}


@inproceedings{agarwal2010optimal,
  title={Optimal Algorithms for Online Convex Optimization with Multi-Point Bandit Feedback.},
  author={Agarwal, Alekh and Dekel, Ofer and Xiao, Lin},
  booktitle={Colt},
  pages={28--40},
  year={2010},
  organization={Citeseer}
}


@inproceedings{Sha13,
	Author = {O. Shamir},
  booktitle = {Proceedings of the 26th Conference on Learning Theory},
	Pages = {3--24},
	Publisher = {JMLR.org},
	Title = {On the Complexity of Bandit and Derivative-Free Stochastic Convex Optimization.},
	Year = 2013}

@misc{GlyJu15,
	Author = {P. Glynn and S. Juneja},
	howpublished = {arXiv:1507.04564},
	Title = {Ordinal optimization -- empirical large deviations rate estimators, and stochastic multi-armed bandits},
	Year = {2015}}

@article{CheLiYuCh00,
	Author = {C-H. Chen and J. Lin and E. Y{\"u}cesan and S. E. Chick},
	Journal = {Discrete Event Dynamic Systems},
	Number = {3},
	Pages = {251--270},
	Title = {Simulation Budget Allocation for Further Enhancing the Efficiency of Ordinal Optimization},
	Volume = {10},
	Year = {2000}}



@InProceedings{CSZ18,
  title =   {Learning to Optimize under Non-Stationarity},
  author =   {W. Cheung and D. Simchi-Levi and R. Zhu},
  booktitle =   {Proceedings of the 22nd International Conference on Artificial Intelligence and Statistics},
  pages =   {1079--1087},
  year =   {2019},
  month =   {16--18 Apr},
  publisher =   {PMLR},
}







@InProceedings{LWA18,
  title = 	 {Efficient Contextual Bandits in Non-stationary Worlds},
  author = 	 {H. Luo and C-Y. Wei and A. Agarwal and J. Langford},
  booktitle = 	 {Proceedings of the 31st  Conference On Learning Theory},
  pages = 	 {1739--1776},
  year = 	 {2018},
  address = 	 {},
  month = 	 {06--09 Jul},
  publisher = 	 {JMLR.org},
}

@misc{GaRoPe18:slidingmdp,
	Author = {P. Gajane and R. Ortner and P. Auer},
	howpublished = {arXiv:1805.10066},
	Title = {A Sliding-Window Algorithm for {M}arkov Decision Processes with Arbitrarily Changing Rewards and Transitions},
	Year = {2018}}

@misc{IL13,
  title = {On regularities of mass random phenomena},
  author = {V. I. Ivanenko and V. A. Labkovsky},
  year = {2013},
  howpublished = {arXiv:1204.4440},
}



@InProceedings{LLS18,
  title =   {Online Learning to Rank with Features},
  author =   {S. Li and T. Lattimore and Cs. Szepesv{\'a}ri},
  booktitle =   {Proceedings of the 36th International Conference on Machine Learning},
  pages =   {3856--3865},
  year =   {2019},
  address =   {Long Beach, California, USA},
  month =   {09--15 Jun},
  publisher =   {PMLR},
}


@book{Lue97,
	Author = {D. G. Luenberger},
	Publisher = {John Wiley \& Sons},
	Title = {Optimization by vector space methods},
	Year = {1997}}

@book{Ber85,
	Author = {J. O. Berger},
	Publisher = {Springer Science \& Business Media},
	Title = {Statistical Decision Theory and {B}ayesian Analysis},
	Year = {1985}}

@book{Hal50,
  title={Measure Theory},
  author={P. R. Halmos},
  series={Graduate Texts in Mathematics},
  year={1976},
  publisher={Springer New York}
}

@article{Dob59,
	Author = {Dobrushin, R. L.},
	Journal = {Usp. Mat. Nauk},
	Number = {6(90)},
	Pages = {3--104},
	Publisher = {Russian Academy of Sciences - RAS (Rossi\u{\i}skaya Akademiya Nauk - RAN), Moscow; Nauka, Moscow},
	Title = {Eine allgemeine Formulierung des Fundamentalsatzes von Shannon in der Informationstheorie},
	Volume = {14},
	Year = {1959}}

@inproceedings{QKR17,
	Author = {Qin, C. and Klabjan, D. and Russo, D.},
	Booktitle = {Advances in Neural Information Processing Systems},
	Pages = {5381--5391},
	Publisher = {Curran Associates, Inc.},
	Title = {Improving the Expected Improvement Algorithm},
	Year = {2017}}

@article{LKG18,
	Author = {Li, L. and Jamieson, K. and DeSalvo, G. and Rostamizadeh, A. and Talwalkar, A.},
	Journal = {Journal of Machine Learning Research},
	Number = {185},
	Pages = {1-52},
	Title = {Hyperband: A Novel Bandit-Based Approach to Hyperparameter Optimization},
	Volume = {18},
	Year = {2018}}

@inproceedings{JT16,
	Author = {Jamieson, K. and Talwalkar, A.},
	Booktitle = {Proceedings of the 19th International Conference on Artificial Intelligence and Statistics},
	Pages = {240--248},
	Title = {Non-stochastic best arm identification and hyperparameter optimization},
	Year = {2016}}

@inproceedings{ABG18,
	Author = {Abbasi-Yadkori, Y. and Bartlett, P. and Gabillon, V. and Malek, A. and Valko, M.},
  booktitle = {Proceedings of the 31st Conference on Learning Theory},
	Title = {Best of both worlds: Stochastic \& adversarial best-arm identification},
	Year = {2018}}

@book{Sha11:book,
	Author = {Sharot, T.},
	Publisher = {Pantheon/Random House},
	Title = {The optimism bias: A tour of the irrationally positive brain},
	Year = {2011}}

@article{JeBoKu17,
	Author = {Jefferson, A. and Bortolotti, L. and Kuzmanovic, B.},
	Journal = {Consciousness and Cognition},
	Pages = {3--11},
	Publisher = {Academic Press},
	Title = {What is unrealistic optimism?},
	Volume = {50},
	Year = {2017}}

@article{Sha11,
	Author = {Sharot, T.},
	Journal = {Current Biology},
	Number = {23},
	Pages = {R941--R945},
	Title = {The optimism bias},
	Volume = {21},
	Year = {2011}}

@incollection{Yu97,
	Author = {Yu, B.},
	Booktitle = {Festschrift for Lucien Le Cam: Research Papers in Probability and Statistics},
	Editor = {Pollard, D. and Torgersen, E. and Yang, G. L.},
	Pages = {423--435},
	Publisher = {Springer},
	Title = {Assouad, {F}ano, and {L}e {C}am},
	Year = {1997}}

@article{LeCam73,
	Author = {Le Cam, L},
	Journal = {The Annals of Statistics},
	Number = {1},
	Pages = {38--53},
	Title = {Convergence of Estimates Under Dimensionality Restrictions},
	Volume = {1},
	Year = {1973}}

@article{HoSreVa92,
	Author = {Y-C. Ho and Sreenivas, R. S. and Vakili, P.},
	Journal = {Discrete Event Dynamic Systems},
	Title = {Ordinal optimization of {DEDS}},
	Year = {1992}}

@article{Nee93,
	Author = {T. Needham},
	Journal = {American Mathematical Monthly},
	Number = 8,
	Pages = {768--771},
	Title = {A Visual Explanation of {J}ensen's Inequality},
	Volume = 100,
	Year = {1993}}

@book{Har73,
	Author = {Hardy, G. H.},
	Publisher = {Oxford University Press},
	Title = {Divergent Series},
	Year = {1973}}

@misc{Tar18,
	Author = {Taraldsen, G.},
	howpublished = {arXiv:1801.00974},
	Title = {Optimal Learning from the {D}oob-{D}ynkin lemma},
	Year = {2018}}

@article{Sli18,
year = {2019},
volume = {12},
journal = {Foundations and Trends in Machine Learning},
title = {Introduction to Multi-Armed Bandits},
issn = {1935-8237},
number = {1-2},
pages = {1-286},
author = {A. Slivkins}
}

@article{Neu28,
	Author = {von Neumann, J.},
	Journal = {Mathematische annalen},
	Number = {1},
	Pages = {295--320},
	Publisher = {Springer},
	Title = {Zur theorie der gesellschaftsspiele},
	Volume = {100},
	Year = {1928}}

@article{Sol70,
	Author = {Solovay, Robert M},
	Journal = {Annals of Mathematics},
	Pages = {1--56},
	Publisher = {JSTOR},
	Title = {A Model of Set-Theory in Which Every Set of Reals is Lebesgue Measurable},
	Year = {1970}}

@misc{Val16,
	Author = {Valko, M.},
	School = {{\'E}cole normale sup{\'e}rieure de Cachan-ENS Cachan},
	Title = {Bandits on graphs and structures},
	Year = {2016}}



@inproceedings{ADT12,
  author = {R. Arora and O. Dekel and A. Tewari},
  title = {Online Bandit Learning against an Adaptive Adversary: From Regret to Policy Regret},
  year = {2012},
  publisher = {Omnipress},
  address = {Madison, WI, USA},
  booktitle = {Proceedings of the 29th International Conference on Machine Learning},
  location = {Edinburgh, Scotland},
}

@inproceedings{DV18,
  author = {S. Dong and B. {Van Roy}},
  title = {An Information-Theoretic Analysis for {T}hompson Sampling with Many Actions},
  year = {2018},
  publisher = {Curran Associates Inc.},
  address = {Red Hook, NY, USA},
	Booktitle = {Advances in Neural Information Processing Systems},
}


@article{BK97one,
	Author = {A. N. Burnetas and M. N. Katehakis},
	Journal = {Stochastic Analysis and Applications},
	Number = {1},
	Pages = {845--859},
	Title = {On the finite horizon one-armed bandit problem},
	Volume = {16},
	Year = {1997}}

@inproceedings{Lat16gittins,
	Author = {Lattimore, T.},
  booktitle = {Proceedings of the 29th Conference on Learning Theory},
	Pages = {1214--1245},
	Title = {Regret analysis of the finite-horizon {G}ittins index strategy for multi-armed bandits},
	Year = {2016}}

@article{Tal07,
	Author = {Talias, M. A.},
	Journal = {European Journal of Operational Research},
	Number = {2},
	Pages = {1105--1112},
	Publisher = {Elsevier},
	Title = {Optimal decision indices for {R\&D} project evaluation in the pharmaceutical industry: {P}earson index versus {G}ittins index},
	Volume = {177},
	Year = {2007}}

@inproceedings{LDF08,
	Author = {Le Ny, Jerome and Dahleh, Munther and Feron, Eric},
	Booktitle = {American Control Conference, 2008},
	Organization = {IEEE},
	Pages = {4220--4225},
	Title = {Multi-UAV dynamic routing with partial observations using restless bandit allocation indices},
	Year = {2008}}

@article{huang2021optimal,
  title={Optimal gradient-based algorithms for non-concave bandit optimization},
  author={B. Huang and K. Huang and S. Kakade and J. D. Lee and Q. Lei and R. Wang and J. Yang},
  journal={Advances in Neural Information Processing Systems},
  volume={34},
  pages={29101--29115},
  year={2021}
}

@article{lattimore2021bandit,
  title={Bandit phase retrieval},
  author={T. Lattimore and B. Hao},
  journal={Advances in Neural Information Processing Systems},
  volume={34},
  pages={18801--18811},
  year={2021}
}

@misc{GoogleAnalytics360,
	Howpublished = {\url{https://www.google.com/analytics/360-suite/#?modal_active=none}},
	Note = {Accessed: 2018-07-20},
	Title = {Google Analytics 360 Suite}}

@misc{ABC16,
	Author = {Agarwal, A. and Bird, S. and Cozowicz, M. and Hoang, L. and Langford, J. and Lee, S. and Li, J. and Melamed, D. and Oshri, G. and Ribas, O.},
	howpublished = {arXiv:1606.03966},
	Title = {Making contextual decisions with low technical debt},
	Year = {2016}}

@misc{SZF17,
	Author = {Sun, Q. and Zhou, W. and Fan, J.},
	howpublished = {arXiv:1706.06991},
	Title = {Adaptive huber regression: Optimality and phase transition},
	Year = {2017}}

@article{HuLaGySz17,
	Author = {Huang, R. and Lattimore, T. and Gy{\"o}rgy, A. and {Sz}epesv{\'a}ri, {Cs}.},
	Journal = {Journal of Machine Learning Research},
	Pages = {1--31},
	Title = {Following the Leader and Fast Rates in Online Linear Prediction: Curved Constraint Sets and Other Regularities},
	Volume = {18},
	Year = {2017}}

@inproceedings{SST11,
	Author = {Srebro, N. and Sridharan, K. and Tewari, A.},
	Booktitle = {Advances in neural information processing systems},
	Pages = {2645--2653},
	Title = {On the universality of online mirror descent},
	Year = {2011}}

@misc{VCZ18,
	Author = {Vernade, C. and Carpentier, A. and Zappella, G. and Ermis, B. and Brueckner, M.},
	howpublished = {arXiv:1807.02089},
	Title = {Contextual Bandits under Delayed Feedback},
	Year = {2018}}

@inproceedings{KNVM14,
	Author = {Koc\'{a}k, T. and Neu, G. and Valko, M. and Munos, R.},
	Booktitle = {Advances in Neural Information Processing Systems},
	Pages = {613--621},
	Publisher = {Curran Associates, Inc.},
	Title = {Efficient learning by implicit exploration in bandit problems with side observations},
	Year = {2014}}

@inproceedings{MoLeJoAb15,
	Author = {Moldovan, T. M. and Levine, S. and Jordan, M. I. and Abbeel, P.},
	Booktitle = {2015 IEEE International Conference on Robotics and Automation (ICRA)},
	Pages = {3239-3246},
	Title = {Optimism-driven exploration for nonlinear systems},
	Year = {2015}}

@inproceedings{xie2016model,
	Author = {Xie, C. and Patil, S. and Moldovan, T. and Levine, S. and Abbeel, P.},
	Booktitle = {Robotics and Automation (ICRA), 2016 IEEE International Conference on},
	Organization = {IEEE},
	Pages = {504--511},
	Title = {Model-based reinforcement learning with parametrized physical models and optimism-driven exploration},
	Year = {2016}}

@article{LeSzeZh14,
	Author = {Le, T. and Szepesv{\'{a}}ri, Cs. and Zheng, R.},
	Journal = {{IEEE} Transactions on Signal Processing},
	Number = {22},
	Pages = {5919--5929},
	Title = {Sequential Learning for Multi-Channel Wireless Network Monitoring With Channel Switching Costs},
	Volume = {62},
	Year = {2014}}

@inproceedings{AO07,
	Author = {Auer, P. and Ortner, R.},
	Booktitle = {Advances in Neural Information Processing Systems},
	Pages = {49--56},
	Publisher = {MIT Press},
	Title = {Logarithmic Online Regret Bounds for Undiscounted Reinforcement Learning},
	Year = {2007}}

@article{HAK07,
  title={Logarithmic regret algorithms for online convex optimization},
  author={E. Hazan and A. Agarwal and S. Kale},
  journal={Machine Learning},
  volume={69},
  pages={169--192},
  year={2007},
  publisher={Springer}
}

@inproceedings{TB08,
	Author = {Tewari, A. and Bartlett, P. L.},
	Booktitle = {Advances in Neural Information Processing Systems},
	Pages = {1505--1512},
	Publisher = {Curran Associates, Inc.},
	Title = {Optimistic Linear Programming gives Logarithmic Regret for Irreducible {MDP}s},
	Year = {2008}}

@misc{LeTeMu17,
	Author = {Lei, H. and Tewari, A. and Murphy, S. A.},
	Title = {An Actor-Critic Contextual Bandit Algorithm for Personalized Mobile Health Interventions},
	Year = {2017},
	howpublished = {arXiv:1706.09090}
	}



@inproceedings{RaYiWi18,
	Author = {Rafferty, A. N. and Ying, H. and Williams, J. J.},
	Booktitle = {Artificial Intelligence in Education},
	Pages = {286--290},
	Publisher = {Springer},
	Title = {Bandit Assignment for Educational Experiments: Benefits to Students Versus Statistical Power},
	Year = {2018}}

@inproceedings{MuVaPrRo17,
	Author = {Muller, M. I. and Valenzuela, P. E. and Proutiere, A. and Rojas, C. R.},
	Booktitle = {2017 IEEE 56th Annual Conference on Decision and Control (CDC)},
	Pages = {4632--4637},
	Publisher = {IEEE},
	Title = {A stochastic multi-armed bandit approach to nonparametric $H_{\infty}$-norm estimation},
	Year = 2017}

@inproceedings{NGMM16,
	Address = {New York, NY, USA},
	Author = {Cesa-Bianchi, N. and Gentile, C. and Mansour, Y. and Minora, A.},
  booktitle = {Proceedings of the 29th Conference on Learning Theory},
	Pages = {605--622},
	Publisher = {JMLR.org},
	Title = {Delay and Cooperation in Nonstochastic Bandits},
	Year = {2016}}

@inproceedings{PAS18,
	Author = {Pike-Burke, C. and Agrawal, S. and Szepesv{\'a}ri, {Cs}. and Gr\"unew\"alder, S.},
	Booktitle = {Proceedings of the 35th International Conference on Machine Learning},
	Month = {10--15 Jul},
	Pages = {4102--4110},
	Publisher = {JMLR.org},
	Title = {Bandits with Delayed, Aggregated Anonymous Feedback},
	Volume = {80},
	Year = {2018}}

@article{DKB14,
	Author = {Desautels, T. and Krause, A. and Burdick, J. W.},
	Journal = {Journal of Machine Learning Research},
	Pages = {4053-4103},
	Title = {Parallelizing Exploration-Exploitation Tradeoffs in Gaussian Process Bandit Optimization},
	Volume = {15},
	Year = {2014}}

@article{WNLL09,
	Author = {Walsh, T. J. and Nouri, A. and Li, L. and Littman, M. L.},
	Journal = {Autonomous Agents and Multi-Agent Systems},
	Number = {1},
	Pages = {83},
	Publisher = {Springer},
	Title = {Learning and planning in environments with delayed feedback},
	Volume = {18},
	Year = {2009}}

@inproceedings{VCP17,
  author    = {C. Vernade and
               O. Capp{\'{e}} and
               V. Perchet},
  title     = {Stochastic Bandit Models for Delayed Conversions},
  booktitle = {Proceedings of the 33rd Conference on Uncertainty in Artificial
               Intelligence},
  publisher = {{AUAI} Press},
  year      = {2017},
}

@InProceedings{JGS17,
  title = 	 {A Modular Analysis of Adaptive {(non-)convex} Optimization: Optimism, Composite Objectives, and Variational Bounds},
  author = 	 {P. Joulani and A. Gy{\"o}rgy and Cs. Szepesv{\'a}ri},
  booktitle = 	 {Proceedings of the 28th International Conference on Algorithmic Learning Theory},
  pages = 	 {681--720},
  year = 	 {2017},
  address = 	 {Kyoto University, Kyoto, Japan},
  publisher = 	 {JMLR.org},
}

@inproceedings{PGS13,
	Address = {Atlanta, GA, USA},
	Author = {Joulani, P. and Gy{\"o}rgy, A. and Szepesv{\'a}ri, Cs.},
	Booktitle = {Proceedings of the 30th International Conference on Machine Learning},
	Pages = {1453--1461},
	Publisher = {JMLR.org},
	Title = {Online Learning under Delayed Feedback},
	Year = {2013}}


@inproceedings{KriTeMuKl17,
	Author = {Greenewald, K. and Tewari, A. and Murphy, S. and Klasnja, P.},
	Booktitle = {Advances in Neural Information Processing Systems},
	Pages = {5977--5985},
	Publisher = {Curran Associates, Inc.},
	Title = {Action Centered Contextual Bandits},
	Year = {2017}}

@book{BT97,
	Author = {Bertsimas, D. and Tsitsiklis, J. N.},
	Publisher = {Athena Scientific Belmont, MA},
	Title = {Introduction to linear optimization},
	Volume = {6},
	Year = {1997}}

@article{vibowa15,
	Author = {Villar, S. and Bowden, J. and Wason, J.},
	Journal = {Statistical science: a review journal of the Institute of Mathematical Statistics},
	Number = {2},
	Pages = {199--215},
	Publisher = {Europe PMC Funders},
	Title = {Multi-armed bandit models for the optimal design of clinical trials: benefits and challenges},
	Volume = {30},
	Year = {2015}}

@inproceedings{ChHe11,
	Author = {Chatterjee, K. and Henzinger, M.},
	Booktitle = {Proceedings of the 22nd Annual ACM-SIAM Symposium on Discrete Algorithms},
	Keywords = {dynamic graph algorithms, graph decomposition, maximal end-components, parity objectives, probabilistic verification},
	Pages = {1318--1336},
	Publisher = {SIAM},
	Series = {SODA '11},
	Title = {Faster and Dynamic Algorithms for Maximal End-component Decomposition and Related Graph Problems in Probabilistic Verification},
	Year = {2011}}

@article{RS70,
	Author = {Robbins, H. and Siegmund, D.},
	Journal = {The Annals of Mathematical Statistics},
	Pages = {1410--1429},
	Publisher = {JSTOR},
	Title = {Boundary Crossing Probabilities for the Wiener Process and Sample Sums},
	Year = {1970}}

@book{Doo53,
	Author = {Doob, J. L.},
	Publisher = {Wiley},
	Title = {Stochastic processes},
	Year = {1953}}

@book{Tol37,
	Author = {Tolkien, J. R. R.},
	Publisher = {Ballantine Books},
	Title = {The Hobbit},
	Year = {1937}}

@article{Per11b,
	Author = {Perchet, V.},
	Journal = {Journal of Optimization Theory and Applications},
	Number = {3},
	Pages = {665--677},
	Publisher = {Springer},
	Title = {Approachability of convex sets in games with partial monitoring},
	Volume = {149},
	Year = {2011}}

@incollection{MS03,
	Author = {Mannor, S. and Shimkin, N.},
	Booktitle = {Learning Theory and Kernel Machines},
	Pages = {552--566},
	Publisher = {Springer},
	Title = {On-line learning with imperfect monitoring},
	Year = {2003}}

@book{Hat02,
	Author = {Hatcher, A.},
	Publisher = {Cambridge University Press},
	Title = {Algebraic Topology},
	Year = {2002}}

@inproceedings{MS11,
	Author = {Mannor, S. and Shamir, O.},
	Booktitle = {Advances in Neural Information Processing Systems},
	Pages = {684--692},
	Publisher = {Curran Associates, Inc.},
	Title = {From Bandits to Experts: On the Value of Side-Observations},
	Year = {2011}}

@article{MPS14,
	Author = {Mannor, S. and Perchet, V. and Stoltz, G.},
	Journal = {The Journal of Machine Learning Research},
	Number = {1},
	Pages = {3247--3295},
	Publisher = {JMLR.org},
	Title = {Set-valued approachability and online learning with partial monitoring},
	Volume = {15},
	Year = {2014}}

@article{NW72,
	Author = {Nelder, J. A. and Wedderburn, R. W. M.},
	Journal = {Journal of the Royal Statistical Society. Series A (General)},
	Number = {3},
	Pages = {370--384},
	Publisher = {[Royal Statistical Society, Wiley]},
	Title = {Generalized Linear Models},
	Volume = {135},
	Year = {1972}}

@article{Lai09,
	Author = {Lai, T. L.},
	Journal = {Electronic Journal for history of probability and statistics},
	Number = {1},
	Title = {Martingales in sequential analysis and time series, 1945--1985},
	Volume = {5},
	Year = {2009}}

@article{Ion49,
	Author = {Tulcea, C. Ionescu},
	Journal = {Atti Accademia Nazionale Lincei Rend},
	Pages = {208--211},
	Title = {Mesures dans les espaces produits},
	Volume = {7},
	Year = {1949--50}}

@inproceedings{JBNW17,
	Author = {Jun, K. and Bhargava, A. and Nowak, R. and Willett, R.},
	Booktitle = {Advances in Neural Information Processing Systems},
	Pages = {99--109},
	Publisher = {Curran Associates, Inc.},
	Title = {Scalable Generalized Linear Bandits: Online Computation and Hashing},
	Year = {2017}}

@inproceedings{KGAV17,
	Author = {Kazerouni, A. and Ghavamzadeh, M. and Abbasi, Y. and {Van Roy}, B.},
	Booktitle = {Advances in Neural Information Processing Systems},
	Pages = {3910--3919},
	Publisher = {Curran Associates, Inc.},
	Title = {Conservative Contextual Linear Bandits},
	Year = {2017}}

@inproceedings{SGBK15,
	Address = {Lille, France},
	Author = {Sui, Y. and Gotovos, A. and Burdick, J. and Krause, A.},
	Booktitle = {Proceedings of the 32nd International Conference on Machine Learning},
	Month = {07--09 Jul},
	Pages = {997--1005},
	Publisher = {JMLR.org},
	Title = {Safe Exploration for Optimization with Gaussian Processes},
	Year = {2015}}

@inproceedings{WSLS16,
	Address = {New York, NY, USA},
	Author = {Wu, Y. and Shariff, R. and Lattimore, T. and Szepesv{\'a}ri, Cs.},
	Booktitle = {Proceedings of the 33rd International Conference on Machine Learning},
	Month = {20--22 Jun},
	Pages = {1254--1262},
	Publisher = {JMLR.org},
	Title = {Conservative Bandits},
	Year = {2016}}

@inproceedings{Mun11,
	Author = {Munos, R.},
	Title = {Optimistic Optimization of a Deterministic Function without the Knowledge of its Smoothness},
	Booktitle = {Advances in Neural Information Processing Systems},
	Pages = {783--791},
	Publisher = {Curran Associates, Inc.},
	Year = {2011}}

@inproceedings{VCM13,
	Address = {Atlanta, GA, USA},
	Author = {Valko, M. and Carpentier, A. and Munos, R.},
	Booktitle = {Proceedings of the 30th International Conference on Machine Learning},
	Pages = {19--27},
	Publisher = {JMLR.org},
	Title = {Stochastic Simultaneous Optimistic Optimization},
	Year = {2013}}

@article{HW01,
	Author = {Herbster, M. and Warmuth, M. K.},
	Journal = {Journal of Machine Learning Research},
	Number = {Sep},
	Pages = {281--309},
	Title = {Tracking the best linear predictor},
	Volume = {1},
	Year = {2001}}

@InProceedings{KK18,
  title =   {Information Directed Sampling and Bandits with Heteroscedastic Noise},
  author =   {J. Kirschner and A. Krause},
  booktitle =   {Proceedings of the 31st  Conference On Learning Theory},
  pages =   {358--384},
  year =   {2018},
  address =   {},
  month =   {06--09 Jul},
  publisher =   {PMLR},
}

@inproceedings{GS16,
	Address = {New York, NY, USA},
	Author = {Gy{\"o}rgy, A. and Szepesv{\'a}ri, Cs.},
	Booktitle = {Proceedings of the 33rd International Conference on Machine Learning},
	Month = {20--22 Jun},
	Pages = {2943--2951},
	Publisher = {JMLR.org},
	Title = {Shifting Regret, Mirror Descent, and Matrices},
	Year = {2016}}

@inproceedings{HASM17,
	Address = {Kyoto, Japan},
	Author = {Huang, R. and Ajallooeian, M. M. and Szepesv{\'a}ri, Cs. and M{\"u}ller, M.},
	Booktitle = {Proceedings of the 28th International Conference on Algorithmic Learning Theory},
	Pages = {593--616},
	Publisher = {JMLR.org},
	Title = {Structured Best Arm Identification with Fixed Confidence},
	Year = {2017}}

@inproceedings{DHK11,
	Author = {Dud{\'\i}k, M. and Hsu, D. and Kale, S. and Karampatziakis, N. and Langford, J. and Reyzin, L. and Zhang, T.},
	Booktitle = {Proceedings of the 27th Conference on Uncertainty in Artificial Intelligence},
	Pages = {169--178},
	Publisher = {AUAI Press},
	Title = {Efficient Optimal Learning for Contextual Bandits},
	Year = {2011}}

@inproceedings{HK11b,
	Author = {Hazan, E. and Kale, S.},
	Booktitle = {Proceedings of the 24th Conference on Learning Theory},
	Pages = {817--820},
	Publisher = {JMLR.org},
	Title = {A simple multi-armed bandit algorithm with optimal variation-bounded regret},
	Year = {2011}}

@inproceedings{AHR08,
	Author = {Abernethy, J. D. and Hazan, E. and Rakhlin, A.},
	Booktitle = {Proceedings of the 21st Conference on Learning Theory},
	Pages = {263--274},
	Publisher = {Omnipress},
	Title = {Competing in the Dark: An Efficient Algorithm for Bandit Linear Optimization},
	Year = {2008}}

@inproceedings{WGS15,
	Author = {Wu, Y. and Gy{\"o}rgy, A. and Szepesv{\'a}ri, Cs.},
	Booktitle = {Advances in Neural Information Processing Systems},
	Pages = {1360--1368},
	Publisher = {Curran Associates Inc.},
	Title = {Online learning with Gaussian payoffs and side observations},
	Year = {2015}}

@inproceedings{TDH07,
	Address = {New York, NY, USA},
	Author = {Teevan, J. and Dumais, S. T. and Horvitz, E.},
	Booktitle = {Proceedings of the 30th Annual International ACM SIGIR Conference on Research and Development in Information Retrieval},
	Pages = {757--758},
	Publisher = {ACM},
	Title = {Characterizing the Value of Personalizing Search},
	Year = {2007}}

@inproceedings{GLW09,
	Author = {Guo, F. and Liu, C. and Wang, Y. M.},
	Booktitle = {Proceedings of the 2nd ACM International Conference on Web Search and Data Mining},
	Location = {Barcelona, Spain},
	Pages = {124--131},
	Publisher = {ACM},
	Title = {Efficient Multiple-click Models in Web Search},
	Year = {2009}}

@article{Tho35,
	Author = {Thompson, W. R.},
	Journal = {American Journal of Mathematics},
	Number = {2},
	Pages = {450--456},
	Publisher = {JSTOR},
	Title = {On the theory of apportionment},
	Volume = {57},
	Year = {1935}}

@book{Bel84,
	Author = {Bellman, R. E.},
	Publisher = {World Scientific},
	Title = {Eye of the Hurricane},
	Year = {1984}}

@article{LV07,
	Author = {Lov{\'a}sz, L. and Vempala, S.},
	Journal = {Random Structures \& Algorithms},
	Number = {3},
	Pages = {307--358},
	Publisher = {Wiley Online Library},
	Title = {The geometry of logconcave functions and sampling algorithms},
	Volume = {30},
	Year = {2007}}

@article{VWB85,
	Author = {Varaiya, P. and Walrand, J. and Buyukkoc, C.},
	Journal = {IEEE Transactions on Automatic Control},
	Number = {5},
	Pages = {426--439},
	Publisher = {IEEE},
	Title = {Extensions of the multiarmed bandit problem: The discounted case},
	Volume = {30},
	Year = {1985}}

@book{Jay03,
	Author = {Jaynes, E. T.},
	Publisher = {Cambridge University Press},
	Title = {Probability theory: the logic of science},
	Year = {2003}}

@article{FLO02,
	Author = {Frederick, S. and Loewenstein, G. and O'donoghue, T.},
	Journal = {Journal of Economic Literature},
	Number = {2},
	Pages = {351--401},
	Title = {Time discounting and time preference: A critical review},
	Volume = {40},
	Year = {2002}}

@article{Ald07,
	Author = {Aldrich, J.},
	Journal = {Electronic Journal for History of Probability and Statistics},
	Number = {2},
	Title = {``But you have to remember {P.} {J.} {D}aniell of {S}heffield''},
	Volume = {3},
	Year = {2007}}

@article{RSC71,
	Author = {Robbins, H. and Sigmund, D. and Chow, Y.},
	Journal = {Houghton-Nifflin},
	Pages = {631--640},
	Title = {Great expectations: the theory of optimal stopping},
	Volume = {7},
	Year = {1971}}

@book{PS06,
	Author = {Peskir, G. and Shiryaev, A.},
	Publisher = {Springer},
	Title = {Optimal stopping and free-boundary problems},
	Year = {2006}}

@inproceedings{LS18pm,
	Author = {T. Lattimore and Cs. Szepesv{\'a}ri},
	Title = {Cleaning up the Neighbourhood: A Full Classification for Adversarial Partial Monitoring},
  booktitle =  {Proceedings of the 30th International Conference on Algorithmic Learning Theory},
	Year = {2019}
}

@book{GV17,
	Author = {Ghosal, S. and van der Vaart, A.},
	Publisher = {Cambridge University Press},
	Title = {Fundamentals of nonparametric {B}ayesian inference},
	Volume = {44},
	Year = {2017}}

@article{SAA13,
	Author = {Salomon, A. and Audibert, J. and Alaoui, I.},
	Journal = {Journal of Machine Learning Research},
	Number = {Jan},
	Pages = {187--207},
	Title = {Lower bounds and selectivity of weak-consistent policies in stochastic multi-armed bandit problem},
	Volume = {14},
	Year = {2013}}

@article{Haz16,
	Author = {Hazan, E.},
	Journal = {Foundations and Trends{\textregistered} in Optimization},
	Number = {3-4},
	Pages = {157--325},
	Publisher = {Now Publishers, Inc.},
	Title = {Introduction to online convex optimization},
	Volume = {2},
	Year = {2016}}

@inproceedings{KaShTe08,
	Author = {Kakade, S. M. and Shalev-Shwartz, S. and Tewari, A.},
	Booktitle = {Proceedings of the 25th International Conference on Machine Learning},
	Pages = {440--447},
	Title = {Efficient bandit algorithms for online multiclass prediction},
	Year = {2008}}

@inproceedings{RaSr16,
	Author = {Rakhlin, A. and Sridharan, K.},
	Booktitle = {Proceedings of the 33rd International Conference on Machine Learning},
	Pages = {1977--1985},
	Title = {{BISTRO}: An Efficient Relaxation-Based Method for Contextual Bandits},
	Year = {2016}}

@article{Ro58,
	Author = {Rosenblatt, F.},
	Journal = {Psychological review},
	Number = {6},
	Pages = {386--408},
	Publisher = {American Psychological Association},
	Title = {The perceptron: A probabilistic model for information storage and organization in the brain},
	Volume = {65},
	Year = {1958}}

@article{Sa93,
	Author = {Sankaran, J. K.},
	Journal = {Operations Research Letters},
	Month = feb,
	Number = {1},
	Pages = {19--20},
	Publisher = {North-Holland},
	Title = {A note on resolving infeasibility in linear programs by constraint relaxation},
	Volume = {13},
	Year = {1993}}

@inproceedings{SyKrSch16,
	Address = {New York, NY, USA},
	Author = {Syrgkanis, V. and Krishnamurthy, A. and Schapire, R.},
	Booktitle = {Proceedings of the 33rd International Conference on Machine Learning},
	Pages = {2159--2168},
	Publisher = {JMLR.org},
	Title = {Efficient Algorithms for Adversarial Contextual Learning},
	Year = {2016}}

@book{KV94,
	Author = {Kearns, M. J. and Vazirani, U. V.},
	Publisher = {MIT Press},
	Title = {An introduction to computational learning theory},
	Year = {1994}}

@book{SB09,
	Author = {Shalev-Shwartz, S. and Ben-David, S.},
	Publisher = {Cambridge University Press},
	Title = {Understanding Machine Learning: From Theory to Algorithms},
	Year = {2014}}

@techreport{Nov63,
	Author = {Novikoff, A.},
	Institution = {Stanford Research Institute, Menlo Park, California},
	Title = {On convergence proofs for perceptrons},
	Year = {1963}}

@inproceedings{ZoTuGKSzW:ICML17,
	Author = {Zoghi, M. and Tunys, T. and Ghavamzadeh, M. and Kveton, B. and {Sz}epesv{\'a}ri, Cs. and Wen, Z.},
	Booktitle = {Proceedings of the 34th International Conference on Machine Learning},
	Pages = {4199--4208},
	Series = {JMLR.org},
	Title = {Online Learning to Rank in Stochastic Click Models},
	Year = {2017}}

@article{MaKu60,
	Author = {Maron, M. E. and Kuhns, J. L.},
	Journal = {Journal of the ACM},
	Number = {3},
	Pages = {216--244},
	Publisher = {ACM},
	Title = {On relevance, probabilistic indexing and information retrieval},
	Volume = {7},
	Year = {1960}}

@article{Rob77,
	Author = {Robertson, S.},
	journal = {Journal of Documentation},
	Pages = {294--304},
	Title = {The Probability Ranking Principle in {IR}},
	Volume = {33},
	number = {4},
	Year = {1977}}

@inproceedings{katariya17bernoulli,
	Author = {Katariya, S. and Kveton, B. and Szepesv{\'a}ri, Cs. and Vernade, C. and Wen, Z.},
	Booktitle = {Proceedings of the 26th International Joint Conference on Artificial Intelligence},
	Title = {Bernoulli Rank-1 Bandits for Click Feedback},
	Year = {2017}}

@inproceedings{katariya17stochastic,
	Author = {Katariya, S. and Kveton, B. and Szepesv{\'a}ri, Cs. and Vernade, C. and Wen, Z.},
	Booktitle = {Proceedings of the 20th International Conference on Artificial Intelligence and Statistics},
	Title = {Stochastic Rank-1 Bandits},
	Year = {2017}}

@inproceedings{lagree16multipleplay,
	Author = {Lagree, P. and Vernade, C. and Capp{\'e}, O.},
	Booktitle = {Advances in Neural Information Processing Systems},
	Pages = {1597-1605},
	Publisher = {Curran Associates Inc.},
	Title = {Multiple-Play Bandits in the Position-Based Model},
	Year = {2016}}

@inproceedings{li16contextual,
	Author = {Li, S. and Wang, B. and Zhang, S. and Chen, W.},
	Booktitle = {Proceedings of the 33rd International Conference on Machine Learning},
	Pages = {1245-1253},
	Title = {Contextual Combinatorial Cascading Bandits},
	Year = {2016}}

@inproceedings{zong16cascading,
	Author = {Zong, S. and Ni, H. and Sung, K. and Ke, R. N. and Wen, Z. and Kveton, B.},
	Booktitle = {Proceedings of the 32nd Conference on Uncertainty in Artificial Intelligence},
	Title = {Cascading Bandits for Large-Scale Recommendation Problems},
	Year = {2016}}

@inproceedings{katariya16dcm,
	Author = {Katariya, S. and Kveton, B. and Szepesv{\'a}ri, Cs. and Wen, Z.},
	Booktitle = {Proceedings of the 33rd International Conference on Machine Learning},
	Pages = {1215-1224},
	Title = {{DCM} Bandits: Learning to Rank with Multiple Clicks},
	Year = {2016}}

@inproceedings{kveton15combinatorial,
	Author = {Kveton, B. and Wen, Z. and Ashkan, Z. and Szepesv{\'a}ri, Cs.},
	Booktitle = {Advances in Neural Information Processing Systems},
	Pages = {1450-1458},
	Publisher = {Curran Associates Inc.},
	Title = {Combinatorial Cascading Bandits},
	Year = {2015}}

@inproceedings{combes15learning,
	Author = {Combes, R. and Magureanu, S. and Proutiere, A. and Laroche, C.},
	Booktitle = {Proceedings of the 2015 ACM SIGMETRICS International Conference on Measurement and Modeling of Computer Systems},
	Isbn = {978-1-4503-3486-0},
	Location = {Portland, Oregon, USA},
	Pages = {231--244},
	Publisher = {ACM},
	Title = {Learning to Rank: Regret Lower Bounds and Efficient Algorithms},
	Year = {2015}}

@inproceedings{craswell08experimental,
	Author = {Craswell, N. and Zoeter, O. and Taylor, M. and Ramsey, B.},
	Booktitle = {Proceedings of the 2008 International Conference on Web Search and Data Mining},
	Pages = {87--94},
	Publisher = {ACM},
	Title = {An Experimental Comparison of Click Position-bias Models},
	Year = {2008}}

@inproceedings{radlinski08learning,
	Author = {Radlinski, F. and Kleinberg, R. and Joachims, T.},
	Booktitle = {Proceedings of the 25th International Conference on Machine Learning},
	Pages = {784--791},
	Publisher = {ACM},
	Title = {Learning Diverse Rankings with Multi-armed Bandits},
	Year = {2008}}

@inproceedings{kveton15cascading,
	Author = {Kveton, B. and Szepesv{\'a}ri, Cs. and Wen, Z. and Ashkan, A.},
	Booktitle = {Proceedings of the 32nd International Conference on Machine Learning},
	Pages = {767--776},
	Publisher = {JMLR.org},
	Title = {Cascading Bandits: Learning to Rank in the Cascade Model},
	Year = {2015}}

@book{chuklin15click,
	Author = {Chuklin, A. and {M}arkov, I. and de Rijke, M.},
	Publisher = {Morgan \& Claypool Publishers},
	Title = {Click Models for Web Search},
	Year = {2015}}

@inproceedings{PS01,
	Author = {Piccolboni, A. and Schindelhauer, C.},
	Booktitle = {Computational Learning Theory},
	Organization = {Springer},
	Pages = {208--223},
	Title = {Discrete prediction games with arbitrary feedback and loss},
	Year = {2001}}

@book{Axl97,
	Author = {Axler, S. J.},
	Publisher = {Springer},
	Title = {Linear algebra done right},
	Volume = {2},
	Year = {1997}}

@inproceedings{Bar13,
	Author = {Bart{\'o}k, G.},
	Booktitle = {Proceedings of the 26th Conference on Learning Theory},
	Pages = {696--710},
	Publisher = {JMLR.org},
	Title = {A near-optimal algorithm for finite partial-monitoring games against adversarial opponents},
	Year = {2013}}

@article{BFPRS14,
	Author = {Bart{\'o}k, G. and Foster, D. P. and P{\'a}l, D. and Rakhlin, A. and Szepesv{\'a}ri, Cs.},
	Journal = {Mathematics of Operations Research},
	Number = {4},
	Pages = {967--997},
	Publisher = {INFORMS},
	Title = {Partial monitoring---classification, regret bounds, and algorithms},
	Volume = {39},
	Year = {2014}}

@inproceedings{VBK14,
	Author = {Vanchinathan, H. P. and Bart{\'o}k, G. and Krause, A.},
	Booktitle = {Advances in Neural Information Processing Systems},
	Pages = {1691--1699},
	Publisher = {Curran Associates, Inc.},
	Title = {Efficient Partial Monitoring with Prior Information},
	Year = {2014}}

@article{Rus99,
	Author = {Rustichini, A.},
	Journal = {Games and Economic Behavior},
	Number = {1},
	Pages = {224--243},
	Publisher = {Elsevier},
	Title = {Minimizing regret: The general case},
	Volume = {29},
	Year = {1999}}

@inproceedings{ALT15,
	Author = {Abernethy, J. D. and Lee, C. and Tewari, A.},
	Booktitle = {Advances in Neural Information Processing Systems},
	Pages = {2197--2205},
	Publisher = {Curran Associates, Inc.},
	Title = {Fighting Bandits with a New Kind of Smoothness},
	Year = {2015}}

@inproceedings{ST10,
	Author = {Sridharan, K. and Tewari, A.},
	Booktitle = {Proceedings of the 23rd Conference on Learning Theory},
	Pages = {1-13},
	Publisher = {Omnipress},
	Title = {Convex Games in Banach Spaces},
	Year = {2010}}

@phdthesis{Sto05,
	Author = {Stoltz, G.},
	School = {Universit{\'e} Paris Sud-Paris XI},
	Title = {Incomplete information and internal regret in prediction of individual sequences},
	Year = {2005}}

@book{LC06,
	Author = {Lehmann, E. L. and Casella, G.},
	Publisher = {Springer Science \& Business Media},
	Title = {Theory of point estimation},
	Year = {2006}}

@article{Box79,
	Author = {Box, G. E. P.},
	Journal = {Robustness in statistics},
	Pages = {201--236},
	Title = {Robustness in the strategy of scientific model building},
	Volume = {1},
	Year = {1979}}

@inproceedings{LGS14,
	Author = {Lattimore, T. and Gy{\"o}rgy, A. and Szepesv{\'a}ri, Cs.},
  booktitle =  {Proceedings of the 25th International Conference on Algorithmic Learning Theory},
	Organization = {Springer},
	Pages = {200--214},
	Title = {On learning the optimal waiting time},
	Year = {2014}}

@article{Box76,
	Author = {Box, G. E. P.},
	Journal = {Journal of the American Statistical Association},
	Number = {356},
	Pages = {791--799},
	Publisher = {Taylor \& Francis},
	Title = {Science and statistics},
	Volume = {71},
	Year = {1976}}

@techreport{Bel54,
	Author = {Bellman, R.},
	Institution = {RAND CORP SANTA MONICA CA},
	Title = {The theory of dynamic programming},
	Year = {1954}}

@article{PT87,
	Author = {Papadimitriou, C. H. and Tsitsiklis, J. N.},
	Journal = {Mathematics of Operations Research},
	Number = {3},
	Pages = {441--450},
	Publisher = {INFORMS},
	Title = {The complexity of {M}arkov decision processes},
	Volume = {12},
	Year = {1987}}

@article{SHM16,
	Author = {Silver, D. and Huang, A. and Maddison, C. J. and Guez, A. and Sifre, L. and Driessche, G. Van Den and Schrittwieser, J. and Antonoglou, I. and Panneershelvam, V. and Lanctot, M.},
	Journal = {Nature},
	Number = {7587},
	Pages = {484--489},
	Publisher = {Nature Research},
	Title = {Mastering the game of Go with deep neural networks and tree search},
	Volume = {529},
	Year = {2016}}

@article{BM53,
	Author = {Bush, R. R. and Mosteller, F.},
	Journal = {The Annals of Mathematical Statistics},
	Pages = {559--585},
	Publisher = {JSTOR},
	Title = {A stochastic model with applications to learning},
	Year = {1953}}

@inproceedings{BLS14,
	Address = {Barcelona, Spain},
	Author = {Ashwinkumar, B. and Langford, J. and Slivkins, A.},
	Booktitle = {Proceedings of the 27th Conference on Learning Theory},
	Pages = {1109--1134},
	Publisher = {JMLR.org},
	Title = {Resourceful Contextual Bandits},
	Year = {2014}}

@inproceedings{LSC15,
	Author = {Lattimore, T. and Crammer, K. and Szepesv{\'a}ri, Cs.},
	Booktitle = {Advances in Neural Information Processing Systems},
	Title = {Linear Multi-Resource Allocation with Semi-Bandit Feedback},
	Year = {2015}}

@inproceedings{AD16,
	Author = {Agrawal, S. and Devanur, N. R.},
	Booktitle = {Advances in Neural Information Processing Systems},
	Location = {Barcelona, Spain},
	Pages = {3458--3467},
	Publisher = {Curran Associates Inc.},
	Title = {Linear Contextual Bandits with Knapsacks},
	Year = {2016}}

@inproceedings{TCRJ12,
	Author = {Tran-Thanh, L. and Chapman, A. and Rogers, A. and Jennings, N. R.},
	Booktitle = {Proceedings of the 26th AAAI Conference on Artificial Intelligence},
	Location = {Toronto, Ontario, Canada},
	Pages = {1134--1140},
	Publisher = {AAAI Press},
	Series = {AAAI'12},
	Title = {Knapsack Based Optimal Policies for Budget-limited Multi-armed Bandits},
	Year = {2012}}

@inproceedings{AD14,
	Author = {Agrawal, S. and Devanur, N. R.},
	Booktitle = {Proceedings of the 15th ACM conference on Economics and computation},
	Organization = {ACM},
	Pages = {989--1006},
	Title = {Bandits with concave rewards and convex knapsacks},
	Year = {2014}}

@inproceedings{AKJ14,
	Author = {Ailon, N. and Karnin, Z. and Joachims, T.},
	Booktitle = {Proceedings of the 31st International Conference on Machine Learning},
	Location = {Beijing, China},
	Pages = {II-856--II-864},
	Publisher = {JMLR.org},
	Title = {Reducing Dueling Bandits to Cardinal Bandits},
	Year = {2014}}

@inproceedings{YJ09,
	Author = {Yue, Y. and Joachims, T.},
	Booktitle = {Proceedings of the 26th International Conference on Machine Learning},
	Organization = {ACM},
	Pages = {1201--1208},
	Title = {Interactively optimizing information retrieval systems as a dueling bandits problem},
	Year = {2009}}

@inproceedings{SziLo09,
	Address = {New York, USA},
	Author = {Szita, I. and L\H{o}rincz, A.},
	Booktitle = {Proceedings of the 26th International Conference on Machine Learning},
	Location = {Montreal, Quebec, Canada},
	Pages = {1001--1008},
	Publisher = {ACM},
	Title = {Optimistic Initialization and Greediness Lead to Polynomial Time Learning in Factored {MDP}s},
	Year = {2009}}

@inproceedings{WO02,
	Author = {Weinberger, M. J. and Ordentlich, E.},
	Booktitle = {Information Theory, 2002. Proceedings. 2002 IEEE International Symposium on},
	Organization = {IEEE},
	Pages = {148},
	Title = {On delayed prediction of individual sequences},
	Year = {2002}}

@article{NeGySzA13,
	Author = {Neu, G. and Gy{\"o}rgy, A. and Szepesv{\'a}ri, Cs. and Antos, A.},
	Date = {2013-12},
	Journal = {IEEE Transactions on Automatic Control},
	Month = {December},
	Number = {3},
	Pages = {676--691},
	Title = {Online {M}arkov Decision Processes under Bandit Feedback},
	Volume = {59},
	Year = {2014}}

@inproceedings{AYBKSSz13,
	Address = {USA},
	Author = {Abbasi-Yadkori, Y. and Bartlett, P. L. and Kanade, V. and Seldin, Y. and Szepesv{\'a}ri, Cs.},
	Booktitle = {Advances in Neural Information Processing Systems},
	Location = {Lake Tahoe, Nevada},
	Pages = {2508--2516},
	Publisher = {Curran Associates Inc.},
	Title = {Online Learning in {M}arkov Decision Processes with Adversarially Chosen Transition Probability Distributions},
	Year = {2013}}

@inproceedings{EDKaMa04,
	Address = {Cambridge, MA, USA},
	Author = {Even-Dar, E. and Kakade, S. M. and Mansour, Y.},
	Booktitle = {Advances in Neural Information Processing Systems},
	Location = {Vancouver, British Columbia, Canada},
	Pages = {401--408},
	Publisher = {MIT Press},
	Title = {Experts in a {M}arkov Decision Process},
	Year = {2004}}

@inproceedings{AbeLaz1703,
	Address = {Fort Lauderdale, FL, USA},
	Author = {Abeille, M. and Lazaric, A.},
	Booktitle = {Proceedings of the 20th International Conference on Artificial Intelligence and Statistics},
	Pages = {1246--1254},
	Publisher = {JMLR.org},
	Title = {{T}hompson Sampling for Linear-Quadratic Control Problems},
	Year = {2017}}

@article{graves97asymptotically,
	Author = {Lai, T. L. and Graves, T.},
	Journal = {SIAM Journal on Control and Optimization},
	Number = {3},
	Pages = {715-743},
	Title = {Asymptotically Efficient Adaptive Choice of Control Laws in Controlled {{M}arkov} Chains},
	Volume = {35},
	Year = {1997}}

@inproceedings{Ortner-Ryabko-2012,
	Address = {USA},
	Author = {Ortner, R. and Ryabko, D.},
	Booktitle = {Advances in Neural Information Processing Systems},
	Location = {Lake Tahoe, Nevada},
	Pages = {1763--1771},
	Publisher = {Curran Associates Inc.},
	Title = {Online Regret Bounds for Undiscounted Continuous Reinforcement Learning},
	Year = {2012}}

@phdthesis{Abbasi-Yadkori-2012,
	Author = {Abbasi-Yadkori, Y.},
	School = {University of Alberta},
	Title = {Online Learning for Linearly Parametrized Control Problems},
	Year = {2012}}

@inproceedings{Abbasi-Yadkori-Szepesvari-2011,
	Address = {Budapest, Hungary},
	Author = {Abbasi-Yadkori, Y. and Szepesv{\'a}ri, Cs.},
	Booktitle = {Proceedings of the 24th Conference on Learning Theory},
	Pages = {1--26},
	Publisher = {JMLR.org},
	Title = {Regret Bounds for the Adaptive Control of Linear Quadratic Systems},
	Year = {2011}}

@inproceedings{Bartlett-Tewari-2009,
	Address = {Arlington, VA, United States},
	Author = {Bartlett, P. L. and Tewari, A.},
	Booktitle = {Proceedings of the 25th Conference on Uncertainty in Artificial Intelligence},
	Location = {Montreal, Quebec, Canada},
	Pages = {35--42},
	Publisher = {AUAI Press},
	Title = {REGAL: A Regularization Based Algorithm for Reinforcement Learning in Weakly Communicating {MDP}s},
	Year = {2009}}

@misc{theocharous2017posterior,
	Author = {Theocharous, G. and Wen, Z. and Abbasi-Yadkori, Y. and Vlassis, N.},
	howpublished = {arXiv:1711.07979},
	Title = {Posterior Sampling for Large Scale Reinforcement Learning},
	Year = {2017}}

@inproceedings{OsVR17,
	Address = {Sydney, Australia},
	Author = {Osband, I. and {Van Roy}, B.},
	Booktitle = {Proceedings of the 34th International Conference on Machine Learning},
	Month = {06--11 Aug},
	Pages = {2701--2710},
	Publisher = {JMLR.org},
	Title = {Why is Posterior Sampling Better than Optimism for Reinforcement Learning?},
	Year = {2017}}

@article{RV14b,
	Author = {Russo, D. and {Van Roy}, B.},
	Journal = {Mathematics of Operations Research},
	Number = {4},
	Pages = {1221--1243},
	Publisher = {INFORMS},
	Title = {Learning to optimize via posterior sampling},
	Volume = {39},
	Year = {2014}}

@inproceedings{AYSz15,
	Address = {Arlington, VA, United States},
	Author = {Abbasi-Yadkori, Y. and Szepesv{\'a}ri, Cs.},
	Booktitle = {Proceedings of the 31st Conference on Uncertainty in Artificial Intelligence},
	Location = {Amsterdam, Netherlands},
	Pages = {2--11},
	Publisher = {AUAI Press},
	Title = {{B}ayesian Optimal Control of Smoothly Parameterized Systems},
	Year = {2015}}

@inproceedings{Strens-2000,
	Address = {San Francisco, CA, USA},
	Author = {Strens, M. J. A.},
	Booktitle = {Proceedings of the 17th International Conference on Machine Learning},
	Pages = {943--950},
	Publisher = {Morgan Kaufmann Publishers Inc.},
	Title = {A {B}ayesian Framework for Reinforcement Learning},
	Year = {2000}}

@inproceedings{AgJia17,
	Author = {Agrawal, S. and Jia, R.},
	Booktitle = {Advances in Neural Information Processing Systems},
	Pages = {1184--1194},
	Publisher = {Curran Associates, Inc.},
	Title = {Optimistic posterior sampling for reinforcement learning: worst-case regret bounds},
	Year = {2017}}

@inproceedings{AzOsMu17,
	Address = {Sydney, Australia},
	Author = {Azar, M. G. and Osband, I. and Munos, R.},
	Booktitle = {Proceedings of the 34th International Conference on Machine Learning},
	Month = {06--11 Aug},
	Pages = {263--272},
	Publisher = {JMLR.org},
	Title = {Minimax Regret Bounds for Reinforcement Learning},
	Year = {2017}}

@inproceedings{GPS16,
  title={Towards optimal algorithms for prediction with expert advice},
  author={N. Gravin and Y. Peres and B. Sivan},
  booktitle={Proceedings of the twenty-seventh annual ACM-SIAM symposium on Discrete algorithms},
  pages={528--547},
  year={2016},
  organization={SIAM}
}


@book{LP17,
	Author = {Levin, D. A. and Peres, Y.},
	Publisher = {American Mathematical Soc.},
	Title = {{M}arkov chains and mixing times},
	Volume = {107},
	Year = {2017}}

@article{GLLO07,
	Author = {Gy{\"o}rgy, A. and Linder, T. and Lugosi, G. and Ottucs{\'a}k, G.},
	Journal = {Journal of Machine Learning Research},
	Number = {Oct},
	Pages = {2369--2403},
	Title = {The on-line shortest path problem under partial monitoring},
	Volume = {8},
	Year = {2007}}

@techreport{KV03,
	Author = {Kalai, A. and Vempala, S.},
	Institution = {MIT},
	Title = {Geometric algorithms for online optimization},
	number = {MIT-LCS-TR-861},
	Year = {2002}}

@techreport{Wei03,
	Author = {Weissman, T. and Ordentlich, E. and Seroussi, G. and Verd{\'u}, S.},
	Institution = {Hewlett-Packard Labs},
	Title = {Inequalities for the {$\ell^1$} deviation of the empirical distribution},
	Year = {2003}}

@misc{Kall17,
	Author = {Kallenberg, L.},
	Title = {{M}arkov decision processes: Lecture Notes},
	Year = {2016}}

@article{Arapostathis:1993p1290,
	Author = {Arapostathis, A. and Borkar, V. S. and Fernandez-Gaucherand, E. and Ghosh, M. K. and Marcus, S. I.},
	Journal = {SIAM Journal of Control and Optimization},
	Number = {2},
	Pages = {282--344},
	Title = {Discrete-time controlled {M}arkov processes with average cost criterion: a survey},
	Volume = {31},
	Year = {1993}}

@book{ross83,
	Address = {New York},
	Author = {Ross, S. M.},
	Publisher = {Academic Press},
	Title = {Introduction to Stochastic Dynamic Programming},
	Year = {1983}}

@inproceedings{AuJaOr08,
	Author = {Auer, P. and Jaksch, T. and Ortner, R.},
	Booktitle = {Advances in Neural Information Processing Systems},
	Pages = {89--96},
	Title = {Near-optimal Regret Bounds for Reinforcement Learning},
	Year = {2009}}

@book{MT12,
	Author = {Meyn, S. P. and Tweedie, R. L.},
	Publisher = {Springer Science \& Business Media},
	Title = {{M}arkov chains and stochastic stability},
	Year = {2012}}

@book{Sze10,
	Author = {Szepesv{\'a}ri, Cs.},
	Publisher = {Morgan \& Claypool Publishers},
	Series = {Synthesis Lectures on Artificial Intelligence and Machine Learning},
	Title = {Algorithms for Reinforcement Learning},
	Year = {2010}}

@book{Ber12:DPbookVols,
	Author = {Bertsekas, D. P.},
	Edition = {4},
	Publisher = {Athena Scientific, Belmont, MA},
	Title = {Dynamic Programming and Optimal Control},
	Volume = {1-2},
	Year = {2012}}

@article{CK86,
	Author = {Chen, Y. R. and Katehakis, M. N.},
	Journal = {Mathematics of Operations Research},
	Number = {1},
	Pages = {180--183},
	Publisher = {INFORMS},
	Title = {Linear programming for finite state multi-armed bandit problems},
	Volume = {11},
	Year = {1986}}

@article{Kal86,
	Author = {Kallenberg, L.},
	Journal = {Mathematics of Operations Research},
	Number = {1},
	Pages = {184--186},
	Publisher = {INFORMS},
	Title = {A note on {M.N.} {K}atehakis' and {Y.-R.} {C}hen's computation of the {G}ittins index},
	Volume = {11},
	Year = {1986}}

@article{Son08,
	Author = {Sonin, I. M.},
	Journal = {Statistics and Probability Letters},
	Number = {12},
	Pages = {1526--1533},
	Publisher = {Elsevier},
	Title = {A generalized {G}ittins index for a {M}arkov chain and its recursive calculation},
	Volume = {78},
	Year = {2008}}

@article{CM14,
	Author = {Chakravorty, J. and Mahajan, A.},
	Journal = {Methods and Applications of Statistics in Clinical Trials: Planning, Analysis, and Inferential Methods},
	Pages = {416--435},
	Publisher = {John Wiley \& Sons, Inc.},
	Title = {Multi-Armed Bandits, {G}ittins Index, and its Calculation},
  Volume = {2},
	Year = {2014}}

@article{CM13,
	Author = {Chakravorty, J. and Mahajan, A.},
	Journal = {Methods and Applications of Statistics in Clinical Trials: Planning, Analysis, and Inferential Methods},
  Volume = {2},
	Pages = {416--435},
	Publisher = {John Wiley \& Sons, Inc.},
	Title = {Multi-armed bandits, {G}ittins index, and its calculation},
	Year = {2013}}

@article{KV05,
	Author = {Kalai, A. and Vempala, S.},
	Journal = {Journal of Computer and System Sciences},
	Number = {3},
	Pages = {291--307},
	Publisher = {Elsevier},
	Title = {Efficient algorithms for online decision problems},
	Volume = {71},
	Year = {2005}}

@incollection{Yao06,
	Author = {Yao, Y.},
	Booktitle = {Time Series and Related Topics},
	Pages = {284--294},
	Publisher = {Institute of Mathematical Statistics},
	Title = {Some results on the {G}ittins index for a normal reward process},
	Year = {2006}}

@inproceedings{LLOH16,
	Author = {Leike, J. and Lattimore, T. and Orseau, L. and Hutter, M.},
	Booktitle = {Proceedings of the 32nd Conference on Uncertainty in Artificial Intelligence},
	Pages = {417--426},
	Publisher = {AUAI Press},
	Title = {{T}hompson sampling is asymptotically optimal in general environments},
	Year = {2016}}

@article{BK03,
	Author = {Burnetas, A. N. and Katehakis, M. N.},
	Journal = {Probability in the Engineering and Informational Sciences},
	Number = {1},
	Pages = {53--82},
	Publisher = {Cambridge University Press},
	Title = {Asymptotic {B}ayes analysis for the finite-horizon one-armed-bandit problem},
	Volume = {17},
	Year = {2003}}

@inproceedings{KBK15,
	Author = {Kawale, J. and Bui, H. H. and Kveton, B. and Tran-Thanh, L. and Chawla, S.},
	Booktitle = {Advances in Neural Information Processing Systems},
	Pages = {1297--1305},
	Publisher = {Curran Associates, Inc.},
	Title = {Efficient {T}hompson Sampling for Online Matrix-Factorization Recommendation},
	Year = {2015}}

@inproceedings{AAG17,
	Address = {Amsterdam, Netherlands},
	Author = {Agrawal, S. and Avadhanula, V. and Goyal, V. and Zeevi, A.},
	Booktitle = {Proceedings of the 2017 Conference on Learning Theory},
	Pages = {76--78},
	Publisher = {JMLR.org},
	Title = {{T}hompson Sampling for the {MNL}-Bandit},
	Year = {2017}}

@article{Kim17,
	Author = {Kim, M. J.},
	Journal = {IEEE Transactions on Automatic Control},
	Number = {12},
	Pages = {6415-6422},
	Title = {{T}hompson Sampling for Stochastic Control: The Finite Parameter Case},
	Volume = {62},
	Year = {2017}}

@inproceedings{GM15,
	Address = {Paris, France},
	Author = {Gopalan, A. and Mannor, S.},
	Booktitle = {Proceedings of the 28th Conference on Learning Theory},
	Pages = {861--898},
	Publisher = {JMLR.org},
	Title = {{T}hompson Sampling for Learning Parameterized {M}arkov Decision Processes},
	Year = {2015}}

  @inproceedings{kveton2020randomized,
  title={Randomized exploration in generalized linear bandits},
  author={B. Kveton and M. Zaheer and Cs. Szepesv{\'a}ri and L. Li and M. Ghavamzadeh and C. Boutilier},
  booktitle={International Conference on Artificial Intelligence and Statistics},
  pages={2066--2076},
  year={2020},
  organization={PMLR}
}

@inproceedings{dong2019performance,
  title={On the performance of thompson sampling on logistic bandits},
  author={S. Dong and T. Ma and B. Van Roy},
  booktitle={Conference on Learning Theory},
  pages={1158--1160},
  year={2019},
  organization={PMLR}
}

@inproceedings{AL17,
	Address = {Fort Lauderdale, FL, USA},
	Author = {Abeille, M. and Lazaric, A.},
	Booktitle = {Proceedings of the 20th International Conference on Artificial Intelligence and Statistics},
	Pages = {176--184},
	Publisher = {JMLR.org},
	Title = {Linear {T}hompson Sampling Revisited},
	Year = {2017}}

@inproceedings{AHK14,
	Address = {Bejing, China},
	Author = {Agarwal, A. and Hsu, D. and Kale, S. and Langford, J. and Li, L. and Schapire, R.},
	Booktitle = {Proceedings of the 31st International Conference on Machine Learning},
	Pages = {1638--1646},
	Publisher = {JMLR.org},
	Title = {Taming the Monster: A Fast and Simple Algorithm for Contextual Bandits},
	Year = {2014}}

@article{Nem79,
	Author = {Nemirovsky, A. S.},
	Journal = {Ekonomika i Matematicheskie Metody},
	Title = {Efficient methods for large-scale convex optimization problems},
	Volume = {15},
	Year = {1979}}

@book{NY83,
	Author = {Nemirovsky, A. S. and Yudin, D. B.},
	Publisher = {Wiley},
	Title = {Problem Complexity and Method Efficiency in Optimization},
	Year = {1983}}

@article{Ion08,
	Author = {Ionides, E. L.},
	Journal = {Journal of Computational and Graphical Statistics},
	Number = {2},
	Pages = {295--311},
	Publisher = {Taylor \& Francis},
	Title = {Truncated importance sampling},
	Volume = {17},
	Year = {2008}}

@inproceedings{WP07,
	Author = {Wawrzynski, P. L and Pacut, A.},
	Booktitle = {Proceedings of the International Multiconference on Computer Science and Information Technology},
	Pages = {305--315},
	Title = {Truncated importance sampling for reinforcement learning with experience replay},
	Year = {2007}}

@inproceedings{UD04,
	Author = {Uchibe, E. and Doya, K.},
	Booktitle = {Proceedings of the International Conference on Simulation of Adaptive Behavior: From Animals and Animats},
	Pages = {287--296},
	Title = {Competitive-cooperative-concurrent reinforcement learning with importance sampling},
	Year = {2004}}

@article{BPQ13,
	Author = {Bottou, L. and Peters, J. and Qui{\~n}onero-Candela, J. and Charles, D. X. and Chickering, D. M. and Portugaly, E. and Ray, D. and Simard, P. and Snelson, E.},
	Journal = {The Journal of Machine Learning Research},
	Number = {1},
	Pages = {3207--3260},
	Publisher = {JMLR.org},
	Title = {Counterfactual reasoning and learning systems: The example of computational advertising},
	Volume = {14},
	Year = {2013}}

@article{strauch66,
	Author = {Strauch, R. E.},
	Journal = {The Annals of Mathematical Statistics},
	Month = {08},
	Number = {4},
	Pages = {871--890},
	Publisher = {The Institute of Mathematical Statistics},
	Title = {Negative Dynamic Programming},
	Volume = {37},
	Year = {1966}}


@inproceedings{CHK17,
	Address = {Amsterdam, Netherlands},
	Author = {Cohen, A. and Hazan, T. and Koren, T.},
	Booktitle = {Proceedings of the 2017 Conference on Learning Theory},
	Pages = {629--642},
	Publisher = {JMLR.org},
	Title = {Tight Bounds for Bandit Combinatorial Optimization},
	Year = {2017}}

@article{HKM16,
	Author = {Hazan, E. and Karnin, Z. and Meka, R.},
	Journal = {Journal of Machine Learning Research},
	Number = {119},
	Pages = {1--34},
	Publisher = {JMLR.org},
	Title = {Volumetric spanners: an efficient exploration basis for learning},
	Volume = {17},
	Year = {2016}}

@inproceedings{HL14,
  title={Bandit convex optimization: Towards tight bounds},
  author={E. Hazan and K. Levy},
  booktitle={Advances in Neural Information Processing Systems},
  pages={784--792},
  year={2014}
}


@article{BEL18,
	Author = {Bubeck, S. and Eldan, R. and Lehec, J.},
	Journal = {Discrete {\&} Computational Geometry},
	Month = {Apr},
	Title = {Sampling from a Log-Concave Distribution with Projected Langevin Monte Carlo},
	Year = {2018}}

@inproceedings{BEL15,
	Author = {Bubeck, S. and Eldan, R. and Lehec, J.},
	Booktitle = {Advances in Neural Information Processing Systems},
	Pages = {1243--1251},
	Publisher = {Curran Associates, Inc.},
	Title = {Finite-Time Analysis of Projected {L}angevin {M}onte {C}arlo},
	Year = {2015}}

@article{AHR12,
	Author = {Abernethy, J. D. and Hazan, E. and Rakhlin, A.},
	Journal = {IEEE Transactions on Information Theory},
	Number = {7},
	Pages = {4164--4175},
	Publisher = {IEEE},
	Title = {Interior-point methods for full-information and bandit online learning},
	Volume = {58},
	Year = {2012}}

@inproceedings{AHRK05,
  title={Provably competitive adaptive routing},
  author={B. Awerbuch and D. Holmer and H. Rubens and R. Kleinberg},
  booktitle={Proceedings IEEE 24th Annual Joint Conference of the IEEE Computer and Communications Societies.},
  pages={631--641},
  year={2005},
  organization={IEEE}
}

@inproceedings{AAGO06,
	Address = {Berlin, Heidelberg},
	Author = {Allenberg, C. and Auer, P. and Gy\"{o}rfi, L. and Ottucs\'{a}k, G.},
	Booktitle = {Proceedings of the 17th International Conference on Algorithmic Learning Theory},
	Location = {Barcelona, Spain},
	Pages = {229--243},
	Publisher = {Springer-Verlag},
	Title = {Hannan Consistency in On-line Learning in Case of Unbounded Losses Under Partial Monitoring},
	Year = {2006}}

@article{Kah65,
	Author = {Kahan, W.},
	Journal = {Communications of the ACM},
	Number = {1},
	Pages = {40},
	Publisher = {ACM},
	Title = {Pracniques: further remarks on reducing truncation errors},
	Volume = {8},
	Year = {1965}}

@inproceedings{ORAM12,
	Address = {Berlin, Heidelberg},
	Author = {Ortner, R. and Ryabko, D. and Auer, P. and Munos, R.},
  booktitle =  {Proceedings of the 23rd International Conference on Algorithmic Learning Theory},
	Pages = {214--228},
	Publisher = {Springer Berlin Heidelberg},
	Title = {Regret Bounds for Restless {M}arkov Bandits},
	Year = {2012}}

@inproceedings{AMS96,
	Author = {Alon, N. and Matias, Y. and Szegedy, M.},
	Booktitle = {Proceedings of the 28th annual ACM symposium on theory of computing},
	Organization = {ACM},
	Pages = {20--29},
	Title = {The space complexity of approximating the frequency moments},
	Year = {1996}}

@article{Cat12,
	Author = {Catoni, O.},
	Journal = {Annales de l'Institut Henri Poincar{\'e}, Probabilit{\'e}s et Statistiques},
	Number = {4},
	Organization = {Institut Henri Poincar{\'e}},
	Pages = {1148--1185},
	Title = {Challenging the empirical mean and empirical variance: a deviation study},
	Volume = {48},
	Year = {2012}}

@article{Whi88,
	Author = {Whittle, P.},
	Journal = {Journal of applied probability},
	Number = {A},
	Pages = {287--298},
	Publisher = {Cambridge University Press},
	Title = {Restless bandits: Activity allocation in a changing world},
	Volume = {25},
	Year = {1988}}

@inproceedings{NR16,
	Author = {Nakhe, P. and Reiffenh{\"a}user, R.},
	Booktitle = {Proceedings of the 3rd IEEE International Conference on Data Science and Advanced Analytics (DSAA)},
	Pages = {263-271},
	Series = {DSAA},
	Title = {Trend Detection Based Regret Minimization for Bandit Problems},
	Year = {2016}}

@inproceedings{BGZ14,
	Author = {Besbes, O. and Gur, Y. and Zeevi, A.},
	Booktitle = {Advances in Neural Information Processing Systems},
	Location = {Montreal, Canada},
	Pages = {199--207},
	Publisher = {Curran Associates, Inc.},
	Title = {Stochastic Multi-armed-bandit Problem with Non-stationary Rewards},
	Year = {2014}}

@misc{AFM16,
	Author = {Allesiardo, R. and F{\'e}raud, R. and Maillard, O.},
	howpublished = {arXiv:1609.02139},
	Title = {Random Shuffling and Resets for the Non-stationary Stochastic Bandit Problem},
	Year = {2016}}

@inproceedings{Bla54,
	Author = {Blackwell, D.},
	Booktitle = {Proceedings of the International Congress of Mathematicians},
	Pages = {336--338},
	Title = {Controlled random walks},
	Volume = {3},
	Year = {1954}}

@inproceedings{CH15,
	Address = {Lille, France},
	Author = {Cohen, A. and Hazan, T.},
	Booktitle = {Proceedings of the 32nd International Conference on Machine Learning},
	Month = {07--09 Jul},
	Pages = {1034--1042},
	Publisher = {JMLR.org},
	Title = {Following the Perturbed Leader for Online Structured Learning},
	Year = {2015}}

@inproceedings{ALST14,
	Address = {Barcelona, Spain},
	Author = {Abernethy, J. D. and Lee, C. and Sinha, A. and Tewari, A.},
	Booktitle = {Proceedings of the 27th Conference on Learning Theory},
	Pages = {807--823},
	Publisher = {JMLR.org},
	Title = {Online Linear Optimization via Smoothing},
	Year = {2014}}

@article{Han57,
	Author = {Hannan, J.},
	Journal = {Contributions to the Theory of Games},
	Pages = {97--139},
	Title = {Approximation to {B}ayes risk in repeated play},
	Volume = {3},
	Year = {1957}}

@article{LW94,
	Author = {Littlestone, N. and Warmuth, M. K.},
	Journal = {Information and Computation},
	Number = {2},
	Pages = {212--261},
	Publisher = {Elsevier},
	Title = {The weighted majority algorithm},
	Volume = {108},
	Year = {1994}}

@article{HW98,
	Author = {Herbster, M. and Warmuth, M. K.},
	Journal = {Machine Learning},
	Number = {2},
	Pages = {151--178},
	Publisher = {Springer},
	Title = {Tracking the best expert},
	Volume = {32},
	Year = {1998}}

@inproceedings{GM08,
	Address = {Berlin, Heidelberg},
	Author = {Garivier, A. and Moulines, E.},
  booktitle =  {Proceedings of the 22nd International Conference on Algorithmic Learning Theory},
	Pages = {174--188},
	Publisher = {Springer Berlin Heidelberg},
	Title = {On Upper-Confidence Bound Policies for Switching Bandit Problems},
	Year = {2011}}

@inproceedings{KS06,
	Author = {Kocsis, L. and Szepesv{\'a}ri, Cs.},
	Booktitle = {2nd PASCAL Challenges Workshop},
	Pages = {784--791},
	Title = {Discounted {UCB}},
	Year = {2006}}

@inproceedings{DHSSZ15,
	Address = {Paris, France},
	Author = {Dud{\'\i}k, M. and Hofmann, K. and Schapire, R. E. and Slivkins, A. and Zoghi, M.},
	Booktitle = {Proceedings of the 28th Conference on Learning Theory},
	Pages = {563--587},
	Publisher = {JMLR.org},
	Title = {Contextual Dueling Bandits},
	Year = {2015}}

@inproceedings{MG17,
	Address = {Kyoto University, Kyoto, Japan},
	Author = {M{\'e}nard, P. and Garivier, A.},
	Booktitle = {Proceedings of the 28th International Conference on Algorithmic Learning Theory},
	Month = {15--17 Oct},
	Pages = {223--237},
	Publisher = {JMLR.org},
	Title = {A minimax and asymptotically optimal algorithm for stochastic bandits},
	Year = {2017}}

@inproceedings{GK16,
	Address = {New York, NY, USA},
	Author = {Garivier, A. and Kaufmann, E.},
	Booktitle = {Proceedings of the 29th Conference on Learning Theory},
	Pages = {998--1027},
	Publisher = {JMLR.org},
	Title = {Optimal Best Arm Identification with Fixed Confidence},
	Year = {2016}}

@inproceedings{AL99,
	Address = {San Francisco, CA, USA},
	Author = {Abe, N. and Long, P. M.},
	Booktitle = {Proceedings of the 16th International Conference on Machine Learning},
	Pages = {3--11},
	Publisher = {Morgan Kaufmann Publishers Inc.},
	Title = {Associative Reinforcement Learning Using Linear Probabilistic Concepts},
	Year = {1999}}

@inproceedings{YJ11,
	Address = {New York, NY, USA},
	Author = {Yue, Y. and Joachims, T.},
	Booktitle = {Proceedings of the 28th International Conference on Machine Learning},
	Location = {Bellevue, Washington, USA},
	Month = {June},
	Pages = {241--248},
	Publisher = {ACM},
	Title = {Beat the Mean Bandit},
	Year = {2011}}

@inproceedings{ZKWSD15,
	Author = {Zoghi, M. and Karnin, Z. and Whiteson, S. and Rijke, M.},
	Booktitle = {Advances in Neural Information Processing Systems},
	Location = {Montreal, Canada},
	Pages = {307--315},
	Publisher = {Curran Associates, Inc.},
	Title = {Copeland Dueling Bandits},
	Year = {2015}}

@inproceedings{JKDN15,
	Address = {San Diego, CA, USA},
	Author = {Jamieson, K. and Katariya, S. and Deshpande, A. and Nowak, R.},
	Booktitle = {Proceedings of the 18th International Conference on Artificial Intelligence and Statistics},
	Pages = {416--424},
	Publisher = {JMLR.org},
	Title = {Sparse Dueling Bandits},
	Year = {2015}}

@inproceedings{ZWMR14,
	Address = {Bejing, China},
	Author = {Zoghi, M. and Whiteson, S. and Munos, R. and Rijke, M.},
	Booktitle = {Proceedings of the 31st International Conference on Machine Learning},
	Pages = {10--18},
	Publisher = {JMLR.org},
	Title = {Relative Upper Confidence Bound for the $K$-Armed Dueling Bandit Problem},
	Year = {2014}}

@inproceedings{GCB10,
	Address = {USA},
	Author = {Graepel, T. and Candela, J. Q. and Borchert, T. and Herbrich, R.},
	Booktitle = {Proceedings of the 27th International Conference on Machine Learning},
	Location = {Haifa, Israel},
	Pages = {13--20},
	Publisher = {Omnipress},
	Title = {Web-scale {B}ayesian Click-through Rate Prediction for Sponsored Search Advertising in Microsoft's Bing Search Engine},
	Year = {2010}}

@article{ML11,
	Author = {May, B. C. and Leslie, D. S.},
	Journal = {Statistics Group, Department of Mathematics, University of Bristol},
	Pages = {02},
	Publisher = {Citeseer},
	Title = {Simulation studies in optimistic {B}ayesian sampling in contextual-bandit problems},
	Volume = {11},
	Year = {2011}}

@article{KVI11,
	Author = {Kla{\v{s}}nja-Mili{\'c}evi{\'c}, Aleksandra and Vesin, Boban and Ivanovi{\'c}, Mirjana and Budimac, Zoran},
	Journal = {Computers \& Education},
	Number = {3},
	Pages = {885--899},
	Publisher = {Elsevier},
	Title = {E-Learning personalization based on hybrid recommendation strategy and learning style identification},
	Volume = {56},
	Year = {2011}}

@article{OB10,
	Author = {Ortega, P. A. and Braun, D. A.},
	Journal = {Journal of Artificial Intelligence Research},
	Pages = {475--511},
	Title = {A minimum relative entropy principle for learning and acting},
	Year = {2010}}

@inproceedings{HT14,
	Address = {Reykjavik, Iceland},
	Author = {Honda, J. and Takemura, A.},
	Booktitle = {Proceedings of the 17th International Conference on Artificial Intelligence and Statistics},
	Pages = {375--383},
	Publisher = {JMLR.org},
	Title = {Optimality of {T}hompson Sampling for {G}aussian Bandits Depends on Priors},
	Year = {2014}}

@inproceedings{KHKN15,
	Address = {Paris, France},
	Author = {Komiyama, J. and Honda, J. and Kashima, H. and Nakagawa, H.},
	Booktitle = {Proceedings of the 28th Conference on Learning Theory},
	Pages = {1141--1154},
	Publisher = {JMLR.org},
	Title = {Regret Lower Bound and Optimal Algorithm in Dueling Bandit Problem},
	Year = {2015}}

@inproceedings{AK04,
	Author = {Awerbuch, B. and Kleinberg, R.},
	Booktitle = {Proceedings of the 36th annual ACM symposium on theory of computing},
	Organization = {ACM},
	Pages = {45--53},
	Title = {Adaptive routing with end-to-end feedback: Distributed learning and geometric approaches},
	Year = {2004}}

@inproceedings{Pol05,
	Address = {Berlin, Heidelberg},
	Author = {Poland, J.},
	Booktitle = {Stochastic Algorithms: Foundations and Applications},
	Editor = {Lupanov, O. B. and Kasim-Zade, O. M. and Chaskin, A. V. and Steinh{\"o}fel, K.},
	Pages = {58--69},
	Publisher = {Springer Berlin Heidelberg},
	Title = {{FPL} Analysis for Adaptive Bandits},
	Year = {2005}}

@article{Cov91,
	Author = {Cover, T. M.},
	Journal = {Mathematical Finance},
	Number = {1},
	Pages = {1--29},
	Publisher = {Wiley Online Library},
	Title = {Universal Portfolios},
	Volume = {1},
	Year = {1991}}

@book{CT12,
	Author = {Cover, T. M. and Thomas, J. A.},
	Publisher = {John Wiley \& Sons},
	Title = {Elements of information theory},
	Year = {2012}}

@inproceedings{ACDK15,
	Address = {Paris, France},
	Author = {Alon, N. and Cesa-Bianchi, N. and Dekel, O. and Koren, T.},
	Booktitle = {Proceedings of the 28th Conference on Learning Theory},
	Pages = {23--35},
	Publisher = {JMLR.org},
	Title = {Online Learning with Feedback Graphs: Beyond Bandits},
	Year = {2015}}

@inproceedings{ACGM13,
	Author = {Alon, N. and Cesa-Bianchi, N. and Gentile, C. and Mansour, Y.},
	Booktitle = {Advances in Neural Information Processing Systems},
	Pages = {1610--1618},
	Publisher = {Curran Associates, Inc.},
	Title = {From bandits to experts: A tale of domination and independence},
	Year = {2013}}

@inproceedings{AG13,
	Address = {Atlanta, GA, USA},
	Author = {Agrawal, S. and Goyal, N.},
	Booktitle = {Proceedings of the 30th International Conference on Machine Learning},
	Pages = {127--135},
	Publisher = {JMLR.org},
	Title = {{T}hompson Sampling for Contextual Bandits with Linear Payoffs},
	Year = {2013}}

@inproceedings{VMKK14,
	Address = {Bejing, China},
	Author = {Valko, M. and Munos, R. and Kveton, B. and Koc{\'a}k, T.},
	Booktitle = {Proceedings of the 31st International Conference on Machine Learning},
	Pages = {46--54},
	Publisher = {JMLR.org},
	Title = {Spectral Bandits for Smooth Graph Functions},
	Year = {2014}}

@inproceedings{Sha15,
	Address = {Paris, France},
	Author = {Shamir, O.},
	Booktitle = {Proceedings of the 28th Conference on Learning Theory},
	Pages = {1523--1551},
	Publisher = {JMLR.org},
	Title = {On the Complexity of Bandit Linear Optimization},
	Year = {2015}}

@inproceedings{LS16,
	Address = {Fort Lauderdale, FL, USA},
	Author = {Lattimore, T. and Szepesv{\'a}ri, Cs.},
	Booktitle = {Proceedings of the 20th International Conference on Artificial Intelligence and Statistics},
	Pages = {728--737},
	Publisher = {JMLR.org},
	Title = {The End of Optimism? {A}n Asymptotic Analysis of Finite-Armed Linear Bandits},
	Year = {2017}}

@inproceedings{BMS09,
	Author = {Bubeck, S. and Munos, R. and Stoltz, G.},
	Booktitle = {International conference on Algorithmic learning theory},
	Organization = {Springer},
	Pages = {23--37},
	Title = {Pure exploration in multi-armed bandits problems},
	Year = {2009}}

@inproceedings{CL16,
	Address = {New York, NY, USA},
	Author = {Carpentier, A. and Locatelli, A.},
	Booktitle = {Proceedings of the 29th Conference on Learning Theory},
	Pages = {590--604},
	Publisher = {JMLR.org},
	Title = {Tight (Lower) Bounds for the Fixed Budget Best Arm Identification Bandit Problem},
	Year = {2016}}

@article{RV16,
	Author = {Russo, D. and {Van Roy}, B.},
	Issn = {1532-4435},
	Journal = {Journal of Machine Learning Research},
	Number = {1},
	Pages = {2442--2471},
	Publisher = {JMLR.org},
	Title = {An Information-theoretic Analysis of {T}hompson Sampling},
	Volume = {17},
	Year = {2016}}

@inproceedings{Rus16,
	Address = {New York, NY, USA},
	Author = {Russo, D.},
	Booktitle = {Proceedings of the 29th Annual Conference on Learning Theory},
	Pages = {1417--1418},
	Publisher = {JMLR.org},
	Title = {Simple {B}ayesian Algorithms for Best Arm Identification},
	Year = {2016}}

@inproceedings{SLM14,
	Author = {Soare, M. and Lazaric, A. and Munos, R.},
	Booktitle = {Advances in Neural Information Processing Systems},
	Pages = {828--836},
	Publisher = {Curran Associates, Inc.},
	Title = {Best-Arm Identification in Linear Bandits},
	Year = {2014}}

@inproceedings{LCS15,
	Author = {Lattimore, T. and Crammer, K. and Szepesv{\'a}ri, Cs.},
	Booktitle = {Advances in Neural Information Processing Systems},
	Pages = {964--972},
	Publisher = {Curran Associates, Inc.},
	Title = {Linear Multi-Resource Allocation with Semi-Bandit Feedback},
	Year = {2015}}

@inproceedings{garber2022new,
  title={New projection-free algorithms for online convex optimization with adaptive regret guarantees},
  author={D. Garber and B. Kretzu},
  booktitle={Conference on Learning Theory},
  pages={2326--2359},
  year={2022},
  organization={PMLR}
}

@article{yudin1976informational,
  title={Informational complexity and efficient methods for the solution of convex extremal problems},
  author={D. Yudin and A. Nemirovskii},
  journal={Matekon},
  volume={13},
  number={2},
  pages={22--45},
  year={1976}
}

@article{judin1977evaluation,
  title={Evaluation of the informational complexity of mathematical programming problems. Ekonomikai Matematicheskie Metody 12 (1976) 128-142},
  author={D. Yudin and A. Nemirovskii},
  journal={Matekon},
  volume={13},
  number={2},
  pages={3--25},
  year={1977}
}

@article{shor1977cut,
  title={Cut-off method with space extension in convex programming problems},
  author={N. Shor},
  journal={Cybernetics},
  volume={13},
  number={1},
  pages={94--96},
  year={1977},
  publisher={Springer}
}


@book{MLA12,
	Author = {Gr{\"o}tschel, M. and Lov{\'a}sz, L. and Schrijver, A.},
	Publisher = {Springer Science \& Business Media},
	Title = {Geometric algorithms and combinatorial optimization},
	Volume = {2},
	Year = {2012}}

@article{Bal97,
	Author = {Ball, K.},
	Journal = {Flavors of geometry},
	Pages = {1--58},
	Title = {An elementary introduction to modern convex geometry},
	Volume = {31},
	Year = {1997}}

@inproceedings{AuChi16,
	Address = {New York, NY, USA},
	Author = {Auer, P. and Chiang, C.},
	Booktitle = {Proceedings of the 29th Annual Conference on Learning Theory},
	Pages = {116--120},
	Publisher = {JMLR.org},
	Title = {An algorithm with nearly optimal pseudo-regret for both stochastic and adversarial bandits},
	Year = {2016}}

@inproceedings{SS14,
	Address = {Bejing, China},
	Author = {Seldin, Y. and Slivkins, A.},
	Booktitle = {Proceedings of the 31st International Conference on Machine Learning},
	Pages = {1287--1295},
	Publisher = {JMLR.org},
	Title = {One Practical Algorithm for Both Stochastic and Adversarial Bandits},
	Year = {2014}}

@inproceedings{SeLu17,
	Address = {Amsterdam, Netherlands},
	Author = {Seldin, Y. and Lugosi, G.},
	Booktitle = {Proceedings of the 2017 Conference on Learning Theory},
	Pages = {1743--1759},
	Publisher = {JMLR.org},
	Title = {An Improved Parametrization and Analysis of the {EXP3++} Algorithm for Stochastic and Adversarial Bandits},
	Year = {2017}}

@article{SS72,
	Author = {Silvey, S. D. and Sibson, B.},
	Journal = {Journal of Royal Statistical Society (B)},
	Pages = {174--175},
	Title = {Discussion of {Dr}. {W}ynn's and of {Dr}. {L}aycock's papers},
	Volume = {34},
	Year = {1972}}

@article{Joh48,
	Author = {John, F.},
	Journal = {Courant Anniversary Volume, Interscience},
	Title = {Extremum problems with inequalities as subsidiary conditions},
	Year = {1948}}

@book{Tod16,
	Author = {Todd, M. J.},
	Publisher = {SIAM},
	Title = {Minimum-volume ellipsoids: Theory and algorithms},
	Year = {2016}}

@book{Gel14,
	Author = {Gelman, A. and Carlin, J. B. and Stern, H. S. and Dunson, D. B. and Vehtari, A. and Rubin, D. B.},
	Publisher = {CRC Press Boca Raton, FL},
	Title = {{B}ayesian data analysis},
	Volume = {2},
	Year = {2014}}

@inproceedings{SanLazMun12,
	Author = {Sani, A. and Lazaric, A. and Munos, R.},
	Booktitle = {Advances in Neural Information Processing Systems},
	Pages = {3275--3283},
	Publisher = {Curran Associates, Inc.},
	Title = {Risk-Aversion in Multi-armed Bandits},
	Year = {2012}}

@article{DenParRot0705,
	Author = {Denardo, E. V. and Park, H. and Rothblum, U. G.},
	Journal = {Mathematics of Operations Research},
	Number = {2},
	Pages = {374--394},
	Title = {Risk-Sensitive and Risk-Neutral Multiarmed Bandits},
	Volume = {32},
	Year = {2007}}

@article{rockafellar2000optimization,
	Author = {Rockafellar, R. T. and Uryasev, S.},
	Journal = {Journal of Risk},
	Pages = {21--42},
	Title = {Optimization of conditional value-at-risk},
	Volume = {2},
	Year = {2000}}

@article{markowitz1952portfolio,
	Author = {Markowitz, H.},
	Journal = {The Journal of Finance},
	Number = {1},
	Pages = {77--91},
	Publisher = {Wiley Online Library},
	Title = {Portfolio selection},
	Volume = {7},
	Year = {1952}}

@book{NeuMo44,
	Address = {Princeton},
	Author = {Neumann, J. Von and Morgenstern, O.},
	Booktitle = {Theory of Games and Economic Behavior},
	Publisher = {Princeton University Press},
	Title = {Theory of Games and Economic Behavior},
	Year = {1944}}

@incollection{Adelman2013,
	Address = {Boston, MA},
	Author = {Adelman, L.},
	Booktitle = {Encyclopedia of Operations Research and Management Science},
	Editor = {Gass, Saul I. and Fu, Michael C.},
	Pages = {164--168},
	Publisher = {Springer US},
	Title = {Choice Theory},
	Year = {2013}}

@article{KaTve:79,
	Author = {Kahneman, D. and Tversky, A.},
	Journal = {Econometrica},
	Number = {2},
	Pages = {263-91},
	Title = {Prospect Theory: An Analysis of Decision under Risk},
	Volume = {47},
	Year = {1979}}

@article{Ber54,
	Author = {Bernoulli, D.},
	Journal = {Econometrica: Journal of the Econometric Society},
	Pages = {23--36},
	Publisher = {JSTOR},
	Title = {Exposition of a new theory on the measurement of risk},
	Year = {1954}}

@inproceedings{CGLN17,
	Author = {Cesa-Bianchi, N. and Gentile, C. and Lugosi, G. and Neu, G.},
	Booktitle = {Advances in Neural Information Processing Systems},
	Pages = {6284--6293},
	Publisher = {Curran Associates, Inc.},
	Title = {Boltzmann Exploration Done Right},
	Year = {2017}}

@article{Tro15,
	Author = {Tropp, J. A.},
	Journal = {Foundations and Trends{\textregistered} in Machine Learning},
	Number = {1-2},
	Pages = {1--230},
	Publisher = {Now Publishers, Inc.},
	Title = {An introduction to matrix concentration inequalities},
	Volume = {8},
	Year = {2015}}

@article{AuMuSze09,
	Author = {Audibert, J.-Y. and Munos, R. and Szepesv{\'a}ri, Cs.},
	Journal = {Theoretical Computer Science},
	Number = {19},
	Pages = {1876--1902},
	Title = {Exploration-exploitation tradeoff using variance estimates in multi-armed bandits},
	Volume = {410},
	Year = {2009}}

@book{Kal06,
	Author = {Kallenberg, O.},
	Publisher = {Springer-Verlag},
	Title = {Foundations of modern probability},
	Year = {2002}}

@book{Bil08,
	Author = {Billingsley, P.},
	Publisher = {John Wiley \& Sons},
	Title = {Probability and measure},
	Year = {2008}}

@book{Roc70,
  address = {Princeton, N. J.},
  author = {Rockafellar, R. Tyrrell},
  keywords = {imported},
  publisher = {Princeton University Press},
  series = {Princeton Mathematical Series},
  title = {Convex analysis},
  year = 1970
}

@book{Roc15,
	Author = {Rockafellar, R. T.},
	Publisher = {Princeton university press},
	Title = {Convex analysis},
	Year = {2015}}

@book{DZ09,
	Author = {Dembo, A. and Zeitouni, O.},
	Publisher = {Springer Science \& Business Media},
	Title = {Large deviations techniques and applications},
	Volume = {38},
	Year = {2009}}

@book{Ess42,
	Author = {Esseen, C. G.},
	Publisher = {Almqvist \& Wiksell},
	Title = {On the Liapounoff limit of error in the theory of probability},
	Year = {1942}}

@article{Ber41,
	Author = {Berry, A. C.},
	Journal = {Transactions of the {A}merican mathematical society},
	Number = {1},
	Pages = {122--136},
	Publisher = {JSTOR},
	Title = {The accuracy of the {G}aussian approximation to the sum of independent variates},
	Volume = {49},
	Year = {1941}}

@misc{OS14,
	Author = {Ostrovsky, E. and Sirota, L.},
	howpublished = {arXiv:1405.6749},
	Title = {Exact value for subgaussian norm of centered indicator random variable},
	Year = {2014}}

@book{Kae93Book,
	Author = {Kaelbling, L. P.},
	Publisher = {MIT Press},
	Title = {Learning in embedded systems},
	Urldate = {2017-06-28},
	Year = {1993}}

@mastersthesis{Abb09:MScThesis,
	Address = {Department of Computing Science},
	Author = {Abbasi-Yadkori, Y.},
	School = {University of Alberta},
	Title = {Forced-Exploration Based Algorithms for Playing in Bandits with Large Action Sets},
	Year = {2009}}

@inproceedings{langford_epoch-greedy_2008,
	Author = {Langford, J. and Zhang, T.},
	Booktitle = {Advances in Neural Information Processing Systems},
	Pages = {817--824},
	Publisher = {Curran Associates, Inc.},
	Title = {The Epoch-Greedy Algorithm for Multi-armed Bandits with Side Information},
	Year = {2008}}

@book{GKKWregression:2002book,
	Author = {Gy{\"o}rfi, L. and Kohler, M. and Krzy{\.z}ak, A. and Walk, H.},
	Publisher = {Springer-Verlag},
	Title = {A Distribution-Free Theory of Nonparametric Regression},
	Year = {2002}}

@article{KR95,
	Author = {Katehakis, M. N. and Robbins, H.},
	Journal = {Proceedings of the National Academy of Sciences of the United States of America},
	Number = {19},
	Pages = {8584},
	Publisher = {National Academy of Sciences},
	Title = {Sequential choice from several populations},
	Volume = {92},
	Year = {1995}}

@inproceedings{hazan2021boosting,
  title={Boosting for online convex optimization},
  author={Hazan, Elad and Singh, Karan},
  booktitle={International Conference on Machine Learning},
  pages={4140--4149},
  year={2021},
  organization={PMLR}
}

@inproceedings{cutkosky2018black,
  title={Black-box reductions for parameter-free online learning in banach spaces},
  author={Cutkosky, Ashok and Orabona, Francesco},
  booktitle={Conference On Learning Theory},
  pages={1493--1529},
  year={2018},
  organization={PMLR}
}
@inproceedings{mhammedi2022efficient,
  title={Efficient projection-free online convex optimization with membership oracle},
  author={Z. Mhammedi},
  booktitle={Conference on Learning Theory},
  pages={5314--5390},
  year={2022}
}


@book{BV04,
	Author = {Boyd, S. and Vandenberghe, L.},
	Publisher = {Cambridge University Press},
	Title = {Convex optimization},
	Year = {2004}}

@article{VBW98,
	Author = {Vandenberghe, L. and Boyd, S. and Wu, S.-P.},
	Journal = {SIAM journal on matrix analysis and applications},
	Number = {2},
	Pages = {499--533},
	Publisher = {SIAM},
	Title = {Determinant maximization with linear matrix inequality constraints},
	Volume = {19},
	Year = {1998}}

@article{karp1972reducibility,
  title={Reducibility among combinatorial problems},
  author={R. Karp},
  journal={Complexity of Computer Computations},
  pages={85--103},
  year={1972}
}

@article{motzkin1965maxima,
  title={Maxima for graphs and a new proof of a theorem of Tur{\'a}n},
  author={T. Motzkin and G. Straus},
  journal={Canadian Journal of Mathematics},
  volume={17},
  pages={533--540},
  year={1965},
  publisher={Cambridge University Press}
}

@article{KW60,
	Author = {Kiefer, J. and Wolfowitz, J.},
	Journal = {Canadian Journal of Mathematics},
	Number = {5},
	Pages = {363--365},
	Title = {The equivalence of two extremum problems},
	Volume = {12},
	Year = {1960}}

@article{LM00,
	Author = {Laurent, B. and Massart, P.},
	Journal = {Annals of Statistics},
	Pages = {1302--1338},
	Publisher = {JSTOR},
	Title = {Adaptive estimation of a quadratic functional by model selection},
	Year = {2000}}

@inproceedings{Lat17-kurtosis,
	Author = {Lattimore, T.},
	Booktitle = {Advances in Neural Information Processing Systems},
	Pages = {1584--1593},
	Publisher = {Curran Associates, Inc.},
	Title = {A Scale Free Algorithm for Stochastic Bandits with Bounded Kurtosis},
	Year = {2017}}

@article{BH79,
	Author = {Bretagnolle, J. and Huber, C.},
	Journal = {Zeitschrift f{\"u}r Wahrscheinlichkeitstheorie und verwandte Gebiete},
	Number = {2},
	Pages = {119--137},
	Publisher = {Springer},
	Title = {Estimation des densit{\'e}s: risque minimax},
	Volume = {47},
	Year = {1979}}

@book{Gra11,
	Author = {Gray, R. M.},
	Publisher = {Springer Science \& Business Media},
	Title = {Entropy and information theory},
	Year = {2011}}

@book{AS64,
	Author = {Abramowitz, M. and Stegun, I. A.},
	Publisher = {Courier Corporation},
	Title = {Handbook of mathematical functions: with formulas, graphs, and mathematical tables},
	Volume = {55},
	Year = {1964}}

@inproceedings{Neu15b,
	Address = {Paris, France},
	Author = {Neu, G.},
	Booktitle = {Proceedings of the 28th Conference on Learning Theory},
	Pages = {1360--1375},
	Publisher = {JMLR.org},
	Title = {First-order regret bounds for combinatorial semi-bandits},
	Year = {2015}}

@inproceedings{BC67,
	Author = {Bather, J. A. and Chernoff, H.},
	Booktitle = {Fifth Berkeley Symposium on Mathematical Statistics and Probability},
	Pages = {181--207},
	Title = {Sequential decisions in the control of a spaceship},
	Volume = {3},
	Year = {1967}}

@article{Che59,
	Author = {Chernoff, H.},
	Journal = {The Annals of Mathematical Statistics},
	Number = {3},
	Pages = {755--770},
	Publisher = {JSTOR},
	Title = {Sequential design of experiments},
	Volume = {30},
	Year = {1959}}

@article{BK96,
	Author = {Burnetas, A. N. and Katehakis, M. N.},
	Journal = {Advances in Applied Mathematics},
	Number = {2},
	Pages = {122--142},
	Publisher = {Elsevier},
	Title = {Optimal adaptive policies for sequential allocation problems},
	Volume = {17},
	Year = {1996}}

@article{Lat17-autotune,
	Author = {Lattimore, T.},
	Journal = {Journal of Machine Learning Research},
	Title = {Refining the Confidence Level for Optimistic Bandit Strategies},
	Year = {2018}}

@article{Che14,
	Author = {Chernoff, H.},
	Journal = {Past, Present, and Future of Statistical Science},
	Pages = {29},
	Publisher = {CRC Press},
	Title = {A career in statistics},
	Year = {2014}}

@article{Ans63,
	Author = {Anscombe, F. J.},
	Journal = {Journal of the American Statistical Association},
	Number = {302},
	Pages = {365--383},
	Publisher = {Taylor \& Francis Group},
	Title = {Sequential medical trials},
	Volume = {58},
	Year = {1963}}

@book{Pol02,
	Author = {Pollard, D.},
	Publisher = {Cambridge University Press},
	Title = {A user's guide to measure theoretic probability},
	Volume = {8},
	Year = {2002}}

@incollection{McD98,
	Author = {McDiarmid, C.},
	Booktitle = {Probabilistic methods for algorithmic discrete mathematics},
	Pages = {195--248},
	Publisher = {Springer},
	Title = {Concentration},
	Year = {1998}}

@article{lee2013matching,
  title={Matching the universal barrier without paying the costs: Solving linear programs withoff (sqrt (rank)) linear system solves},
  author={Lee, Yin Tat and Sidford, Aaron},
  journal={CoRR, abs/1312.6677},
  volume={1},
  pages={1--1},
  year={2013}
}


@inproceedings{Zin03,
	Author = {Zinkevich, M.},
	Booktitle = {Proceedings of the 20th International Conference on Machine Learning},
	Location = {Washington, DC, USA},
	Pages = {928--935},
	Publisher = {AAAI Press},
	Title = {Online Convex Programming and Generalized Infinitesimal Gradient Ascent},
	Year = {2003}}

@inproceedings{Neu15,
	Author = {Neu, G.},
	Booktitle = {Advances in Neural Information Processing Systems},
	Pages = {3168--3176},
	Publisher = {Curran Associates, Inc.},
	Title = {Explore no more: Improved high-probability regret bounds for non-stochastic bandits},
	Year = {2015}}

@inproceedings{BLLRS11,
	Address = {Fort Lauderdale, FL, USA},
	Author = {Beygelzimer, A. and Langford, J. and Li, L. and Reyzin, L. and Schapire, R.},
	Booktitle = {Proceedings of the 14th International Conference on Artificial Intelligence and Statistics},
	Pages = {19--26},
	Publisher = {JMLR.org},
	Title = {Contextual Bandit Algorithms with Supervised Learning Guarantees},
	Year = {2011}}

@article{Vog60,
	Author = {Vogel, W.},
	Journal = {The Annals of Mathematical Statistics},
	Number = {2},
	Pages = {444--451},
	Publisher = {JSTOR},
	Title = {An asymptotic minimax theorem for the two armed bandit problem},
	Volume = {31},
	Year = {1960}}

@inproceedings{GL16,
	Author = {Gerchinovitz, S. and Lattimore, T.},
	Booktitle = {Advances in Neural Information Processing Systems},
	Pages = {1198--1206},
	Publisher = {Curran Associates, Inc.},
	Title = {Refined Lower Bounds for Adversarial Bandits},
	Year = {2016}}

@article{KL00,
	Author = {Kulkarni, S. R. and Lugosi, G.},
	Journal = {IEEE Transactions on Automatic Control},
	Number = {4},
	Pages = {711--714},
	Publisher = {IEEE},
	Title = {Finite-time lower bounds for the two-armed bandit problem},
	Volume = {45},
	Year = {2000}}

@article{HT15,
	Author = {Honda, J. and Takemura, A.},
	Journal = {Journal of Machine Learning Research},
	Pages = {3721--3756},
	Title = {Non-asymptotic analysis of a new bandit algorithm for semi-bounded rewards},
	Volume = {16},
	Year = {2015}}

@article{HT11,
	Author = {Honda, J. and Takemura, A.},
	Journal = {Machine Learning},
	Number = {3},
	Pages = {361--391},
	Publisher = {Springer},
	Title = {An asymptotically optimal policy for finite support models in the multiarmed bandit problem},
	Volume = {85},
	Year = {2011}}

@misc{CK15b,
	Author = {Cowan, W. and Katehakis, M. N.},
	howpublished = {arXiv:1505.01918},
	Title = {An Asymptotically Optimal Policy for Uniform Bandits of Unknown Support},
	Year = {2015}}


@inproceedings{LKLS18,
  title = {TopRank: A practical algorithm for online stochastic ranking},
  author = {T. Lattimore and B. Kveton and S. Li and Cs. Szepesv{\'a}ri},
  booktitle = {Advances in Neural Information Processing Systems},
  pages = {3949--3958},
  year = {2018},
  publisher = {Curran Associates, Inc.},
}


@misc{Lat16-aucb,
  title={Regret analysis of the anytime optimally confident UCB algorithm},
  author={T. Lattimore},
  howpublished={arXiv:1603.08661},
  year={2016}
}


@article{CK15,
  author  = {W. Cowan and J. Honda and M. N. Katehakis},
  title   = {Normal Bandits of Unknown Means and Variances},
  journal = {Journal of Machine Learning Research},
  year    = {2018},
  volume  = {18},
  number  = {154},
  pages   = {1-28},
}

@inproceedings{GKL16,
	Author = {Garivier, A. and Lattimore, T. and Kaufmann, E.},
	Booktitle = {Advances in Neural Information Processing Systems},
	Pages = {784--792},
	Publisher = {Curran Associates, Inc.},
	Title = {On Explore-Then-Commit strategies},
	Year = {2016}}

@inproceedings{khachiyan1979polynomial,
  title={A polynomial algorithm in linear programming},
  author={L. Khachiyan},
  booktitle={Doklady Akademii Nauk},
  volume={244},
  number={5},
  pages={1093--1096},
  year={1979},
  organization={Russian Academy of Sciences}
}

@book{BLM13,
	Author = {Boucheron, S. and Lugosi, G. and Massart, P.},
	Publisher = {OUP Oxford},
	Title = {Concentration inequalities: A nonasymptotic theory of independence},
	Year = {2013}}

@book{Ler86,
	Author = {Lerche, H. R.},
	Publisher = {Springer},
	Title = {Boundary crossing of {B}rownian motion: Its relation to the law of the iterated logarithm and to sequential analysis},
	Year = {1986}}



@article{GMS16,
  author = {A. Garivier and P. M{\'e}nard and G. Stoltz},
  title = {Explore First, Exploit Next: The True Shape of Regret in Bandit Problems},
  journal = {Mathematics of Operations Research},
  volume = {44},
  number = {2},
  pages = {377-399},
  year = {2019},
}



@article{BK97,
	Author = {Burnetas, A. N. and Katehakis, M. N.},
	Journal = {Mathematics of Operations Research},
	Number = {1},
	Pages = {222--255},
	Publisher = {INFORMS},
	Title = {Optimal adaptive policies for {M}arkov decision processes},
	Volume = {22},
	Year = {1997}}

@article{Lai87,
	Author = {Lai, T. L.},
	Journal = {The Annals of Statistics},
	Pages = {1091--1114},
	Publisher = {JSTOR},
	Title = {Adaptive treatment allocation and the multi-armed bandit problem},
	Year = {1987}}

@misc{Lat15-ucb,
	Author = {Lattimore, T.},
	howpublished = {arXiv:1507.07880},
	Title = {Optimally Confident {UCB}: Improved Regret for Finite-Armed Bandits},
	Year = {2015}}

@inproceedings{Lat15gittins,
	Address = {New York, NY, USA},
	Author = {Lattimore, T.},
	Booktitle = {Proceedings of the 29th Annual Conference on Learning Theory},
	Pages = {1214--1245},
	Publisher = {JMLR.org},
	Title = {Regret Analysis of the Finite-Horizon {G}ittins Index Strategy for Multi-Armed Bandits},
	Year = {2016}}

@article{Agr95,
	Author = {Agrawal, R.},
	Journal = {Advances in Applied Probability},
	Pages = {1054--1078},
	Publisher = {JSTOR},
	Title = {Sample mean based index policies with {O}($\log n$) regret for the multi-armed bandit problem},
	Year = {1995}}

@book{Tsy08,
	Author = {Tsybakov, A. B.},
	Publisher = {Springer Science \& Business Media},
	Title = {Introduction to nonparametric estimation},
	Year = {2008}}

@article{CGMMS13,
	Author = {Capp{\'e}, O. and Garivier, A. and Maillard, O. and Munos, R. and Stoltz, G.},
	Journal = {The Annals of Statistics},
	Number = {3},
	Pages = {1516--1541},
	Publisher = {Institute of Mathematical Statistics},
	Title = {Kullback--{L}eibler upper confidence bounds for optimal sequential allocation},
	Volume = {41},
	Year = {2013}}

@article{MKLL12,
	Author = {May, B. C. and Korda, N. and Lee, A. and Leslie, D. S.},
	Journal = {The Journal of Machine Learning Research},
	Number = {1},
	Pages = {2069--2106},
	Title = {Optimistic {B}ayesian sampling in contextual-bandit problems},
	Volume = {13},
	Year = {2012}}

@misc{Gar13,
	Author = {Garivier, A.},
	howpublished = {arXiv:1309.3376},
	Title = {Informational confidence bounds for self-normalized averages and applications},
	Year = {2013}}

@inproceedings{KKM13,
	Author = {Korda, N. and Kaufmann, E. and Munos, R.},
	Booktitle = {Advances in Neural Information Processing Systems},
	Pages = {1448--1456},
	Publisher = {Curran Associates, Inc.},
	Title = {{T}hompson Sampling for 1-Dimensional Exponential Family Bandits},
	Year = {2013}}

@inproceedings{DP16,
	Address = {New York, NY, USA},
	Author = {Degenne, R. and Perchet, V.},
	Booktitle = {Proceedings of the 33rd International Conference on Machine Learning},
	Month = {20--22 Jun},
	Pages = {1587--1595},
	Publisher = {JMLR.org},
	Title = {Anytime optimal algorithms in stochastic multi-armed bandits},
	Year = {2016}}

@article{BCL13,
	Author = {Bubeck, S. and Cesa-Bianchi, N. and Lugosi, G.},
	Journal = {IEEE Transactions on Information Theory},
	Number = {11},
	Pages = {7711--7717},
	Publisher = {IEEE},
	Title = {Bandits with heavy tail},
	Volume = {59},
	Year = {2013}}

@article{AVW87,
	Author = {Anantharam, V. and Varaiya, P. and Walrand, J.},
	Journal = {IEEE Transactions on Automatic Control},
	Number = {11},
	Pages = {968--976},
	Publisher = {IEEE},
	Title = {Asymptotically efficient allocation rules for the multiarmed bandit problem with multiple plays-Part I: IID rewards},
	Volume = {32},
	Year = {1987}}

@article{Sli14,
	Author = {Slivkins, A.},
	Journal = {Journal of Machine Learning Research},
	Number = {1},
	Pages = {2533--2568},
	Title = {Contextual bandits with similarity information},
	Volume = {15},
	Year = {2014}}

@article{BMGS11,
	Author = {Bubeck, S. and Munos, R. and Stoltz, G. and Szepesv{\'a}ri, {Cs.}},
	Journal = {Journal of Machine Learning Research},
	Pages = {1655--1695},
	Title = {{X}-armed bandits},
	Volume = {12},
	Year = {2011}}

@book{Hut04,
  title={Universal artificial intelligence: Sequential decisions based on algorithmic probability},
  author={Hutter, M.},
  year={2004},
  publisher={Springer Science \& Business Media}
}

@misc{MP09,
	Author = {Maurer, A. and Pontil, M.},
	howpublished = {arXiv:0907.3740},
	Title = {Empirical {B}ernstein bounds and sample variance penalization},
	Year = {2009}}

@inproceedings{AMS07,
	Address = {Berlin, Heidelberg},
	Author = {Audibert, J.-Y. and Munos, R. and Szepesv{\'a}ri, Cs.},
	Booktitle = {Proceedings of the 18th International Conference on Algorithmic Learning Theory},
	Pages = {150--165},
	Publisher = {Springer Berlin Heidelberg},
	Title = {Tuning Bandit Algorithms in Stochastic Environments},
	Year = {2007}}

@inproceedings{APS12,
	Address = {La Palma, Canary Islands},
	Author = {Abbasi-Yadkori, Y. and P{\'a}l, D. and Szepesv{\'a}ri, Cs.},
	Booktitle = {Proceedings of the 15th International Conference on Artificial Intelligence and Statistics},
	Pages = {1--9},
	Publisher = {JMLR.org},
	Title = {Online-to-Confidence-Set Conversions and Application to Sparse Stochastic Bandits},
	Year = {2012}}

@inproceedings{VKMFC13,
	Address = {Arlington, VA, USA},
	Author = {Valko, M. and Korda, N. and Munos, R. and Flaounas, I. and Cristianini, N.},
	Booktitle = {Proceedings of the 29th Conference on Uncertainty in Artificial Intelligence},
	Pages = {654--663},
	Publisher = {AUAI Press},
	Title = {Finite-time Analysis of Kernelised Contextual Bandits},
	Year = {2013}}

@inproceedings{BEL16,
	Address = {New York, NY, USA},
	Author = {Bubeck, S. and Lee, Y.T. and Eldan, R.},
	Booktitle = {Proceedings of the 49th Annual ACM SIGACT Symposium on Theory of Computing},
	Isbn = {978-1-4503-4528-6},
	Location = {Montreal, Canada},
	Pages = {72--85},
	Publisher = {ACM},
	Series = {STOC 2017},
	Title = {Kernel-based Methods for Bandit Convex Optimization},
	Year = {2017}}

@inproceedings{WL16,
	Author = {Wu, H. and Liu, X.},
	Booktitle = {Advances in Neural Information Processing Systems},
	Pages = {649--657},
	Publisher = {Curran Associates, Inc.},
	Title = {Double {T}hompson Sampling for Dueling Bandits},
	Year = {2016}}

@inproceedings{HSVM15,
	Address = {Lille, France},
	Author = {Hanawal, M. and Saligrama, V. and Valko, M. and Munos, R.},
	Booktitle = {Proceedings of the 32nd International Conference on Machine Learning},
	Month = {07--09 Jul},
	Pages = {2133--2142},
	Publisher = {JMLR.org},
	Title = {Cheap Bandits},
	Year = {2015}}

@inproceedings{TLA10,
	Author = {Tran-Thanh, L. and Chapman, A. and de Cote, E. Munoz and Rogers, A. and Jennings, N. R.},
	Booktitle = {Proceedings of the 24th AAAI Conference on Artificial Intelligence},
	Pages = {1211--1216},
	Series = {AAAI},
	Title = {Epsilon--First Policies for Budget--Limited Multi-Armed Bandits},
	Year = {2010}}

@inproceedings{XLQ15,
	Author = {Xia, Y. and Li, H. and Qin, T. and Yu, N. and Liu, T.-Y.},
	Booktitle = {Proceedings of the 24th International Conference on Artificial Intelligence},
	Location = {Buenos Aires, Argentina},
	Pages = {3960--3966},
	Publisher = {AAAI Press},
	Series = {IJCAI},
	Title = {{T}hompson Sampling for Budgeted Multi-armed Bandits},
	Year = {2015}}

@phdthesis{Abb09,
	Author = {Abbasi-Yadkori, Y.},
	School = {University of Alberta},
	Title = {Forced-exploration based algorithms for playing in bandits with large action sets},
	Year = {2009}}

@article{Ger13,
	Author = {Gerchinovitz, S.},
	Journal = {Journal of Machine Learning Research},
	Number = {Mar},
	Pages = {729--769},
	Title = {Sparsity regret bounds for individual sequences in online linear regression},
	Volume = {14},
	Year = {2013}}

@article{GO14,
	Author = {Gentile, C. and Orabona, F.},
	Journal = {Journal of Machine Learning Research},
	Number = {1},
	Pages = {2451--2487},
	Title = {On multilabel classification and ranking with bandit feedback.},
	Volume = {15},
	Year = {2014}}

@inproceedings{GO12,
	Author = {Gentile, C. and Orabona, F.},
	Booktitle = {Advances in Neural Information Processing Systems},
	Pages = {1151--1159},
	Publisher = {Curran Associates, Inc.},
	Title = {On Multilabel Classification and Ranking with Partial Feedback},
	Year = {2012}}

@article{CG13,
	Author = {Crammer, K. and Gentile, C.},
	Journal = {Machine learning},
	Number = {3},
	Pages = {347--383},
	Publisher = {Springer},
	Title = {Multiclass classification with bandit feedback using adaptive regularization},
	Volume = {90},
	Year = {2013}}

@article{DGS12,
	Author = {Dekel, O. and Gentile, C. and Sridharan, K.},
	Journal = {Journal of Machine Learning Research},
	Pages = {2655--2697},
	Title = {Selective sampling and active learning from single and multiple teachers},
	Volume = {13},
	Year = {2012}}

@inproceedings{RS15,
	Address = {Amsterdam, Netherlands},
	Author = {Rakhlin, A. and Sridharan, K.},
	Booktitle = {Proceedings of the 30th Conference on Learning Theory},
	Pages = {1704--1722},
	Publisher = {JMLR.org},
	Title = {On Equivalence of Martingale Tail Bounds and Deterministic Regret Inequalities},
	Year = {2017}}

@inproceedings{AST11,
	Author = {Abbasi-Yadkori, Y. and P\'{a}l, D. and Szepesv{\'a}ri, Cs.},
	Booktitle = {Advances in Neural Information Processing Systems},
	Pages = {2312--2320},
	Publisher = {Curran Associates, Inc.},
	Title = {Improved Algorithms for Linear Stochastic Bandits},
	Year = {2011}}

@book{Rog64,
	Author = {Rogers, C. A.},
	Publisher = {Cambridge University Press},
	Title = {Packing and covering},
	Year = {1964}}

@book{Dud14,
	Author = {Dudley, R. M.},
	Publisher = {Cambridge University Press},
	Title = {Uniform central limit theorems},
	Volume = {142},
	Year = {2014}}

@book{Gee00,
	Author = {van de Geer, S.},
	Publisher = {Cambridge University Press},
	Title = {Empirical Processes in M-estimation},
	Volume = {6},
	Year = {2000}}

@inproceedings{CM12,
	Address = {La Palma, Canary Islands},
	Author = {Carpentier, A. and Munos, R.},
	Booktitle = {Proceedings of the 15th International Conference on Artificial Intelligence and Statistics},
	Pages = {190--198},
	Publisher = {JMLR.org},
	Title = {Bandit Theory meets Compressed Sensing for high dimensional Stochastic Linear Bandit},
	Year = {2012}}

@article{RT10,
	Author = {Rusmevichientong, P. and Tsitsiklis, J. N.},
	Journal = {Mathematics of Operations Research},
	Number = {2},
	Pages = {395--411},
	Publisher = {INFORMS},
	Title = {Linearly parameterized bandits},
	Volume = {35},
	Year = {2010}}

@inproceedings{AG12,
	Address = {Scottsdale, Arizona, USA},
	Author = {Agrawal, S. and Goyal, N.},
	Booktitle = {Proceedings of the 16th International Conference on Artificial Intelligence and Statistics},
	Pages = {99--107},
	Publisher = {JMLR.org},
	Title = {Further Optimal Regret Bounds for {T}hompson Sampling},
	Year = {2013}}

@inproceedings{Lat15-pareto,
	Author = {Lattimore, T.},
	Booktitle = {Advances in Neural Information Processing Systems},
	Pages = {208--216},
	Publisher = {Curran Associates, Inc.},
	Title = {The {P}areto Regret Frontier for Bandits},
	Year = {2015}}

@article{AB10b,
	Author = {Audibert, J.-V. and Bubeck, S.},
	Journal = {Journal of Machine Learning Research},
	Pages = {2785--2836},
	Title = {Regret bounds and minimax policies under partial monitoring},
	Volume = {11},
	Year = {2010}}

@article{marchal2017sub,
  title={On the sub-Gaussianity of the Beta and Dirichlet distributions},
  author={O. Marchal and J. Arbel},
  journal={Electronic Communications in Probability},
  volume={22},
  number={paper no. 54},
  pages={1--14},
  year={2017}
}

@article{berry1997bandit,
  title={Bandit problems with infinitely many arms},
  author={D. Berry and R. Chen and A. Zame and D. Heath and L. Shepp},
  journal={The Annals of Statistics},
  volume={25},
  number={5},
  pages={2103--2116},
  year={1997},
  publisher={Institute of Mathematical Statistics}
}

@article{EMM06,
	Author = {Even-Dar, E. and Mannor, S. and Mansour, Y.},
	Journal = {Journal of Machine Learning Research},
	Pages = {1079--1105},
	Publisher = {JMLR.org},
	Title = {Action elimination and stopping conditions for the multi-armed bandit and reinforcement learning problems},
	Volume = {7},
	Year = {2006}}

@article{HP05,
	Author = {Hutter, M. and Poland, J.},
	Journal = {Journal of Machine Learning Research},
	Pages = {639--660},
	Publisher = {JMLR.org},
	Title = {Adaptive Online Prediction by Following the Perturbed Leader},
	Volume = {6},
	Year = {2005}}

@inproceedings{KKS13,
	Address = {Atlanta, GA, USA},
	Author = {Karnin, Z. and Koren, T. and Somekh, O.},
	Booktitle = {Proceedings of the 30th International Conference on Machine Learning},
	Pages = {1238--1246},
	Publisher = {JMLR.org},
	Title = {Almost Optimal Exploration in Multi-Armed Bandits},
	Year = {2013}}

@inproceedings{BKS13,
	Author = {Badanidiyuru, A. and Kleinberg, R. and Slivkins, A.},
	Booktitle = {Foundations of Computer Science (FOCS), 2013 IEEE 54th Annual Symposium on},
	Organization = {IEEE},
	Pages = {207--216},
	Title = {Bandits with knapsacks},
	Year = {2013}}

@inproceedings{RR13,
	Author = {Russo, D. and {Van Roy}, B.},
	Booktitle = {Advances in Neural Information Processing Systems},
	Pages = {2256--2264},
	Publisher = {Curran Associates, Inc.},
	Title = {Eluder Dimension and the Sample Complexity of Optimistic Exploration},
	Year = {2013}}

@inproceedings{FiOlGaSze10,
	Author = {Filippi, S. and Capp\'e, O. and Garivier, A. and Szepesv{\'a}ri, Cs.},
	Booktitle = {Advances in Neural Information Processing Systems},
	Pages = {586--594},
	Publisher = {Curran Associates, Inc.},
	Title = {Parametric Bandits: The Generalized Linear Case},
	Year = {2010}}

@article{ABPS13,
	Author = {Antos, A. and Bart{\'o}k, G. and P{\'a}l, D. and Szepesv{\'a}ri, Cs.},
	Journal = {Theoretical Computer Science},
	Pages = {77--99},
	Publisher = {Elsevier},
	Title = {Toward a classification of finite partial-monitoring games},
	Volume = {473},
	Year = {2013}}

@inproceedings{KHN15,
	Author = {Komiyama, J. and Honda, J. and Nakagawa, H.},
	Booktitle = {Advances in Neural Information Processing Systems},
	Pages = {1792--1800},
	Publisher = {Curran Associates, Inc.},
	Title = {Regret Lower Bound and Optimal Algorithm in Finite Stochastic Partial Monitoring},
	Year = {2015}}

@inproceedings{BZS12,
	Address = {USA},
	Author = {Bart\'{o}k, G. and Zolghadr, N. and Szepesv{\'a}ri, Cs.},
	Booktitle = {Proceedings of the 29th International Conference on Machine Learning},
	Location = {Edinburgh, Scotland},
	Pages = {1779--1786},
	Publisher = {Omnipress},
	Title = {An Adaptive Algorithm for Finite Stochastic Partial Monitoring},
	Year = {2012}}

@inproceedings{FR12,
	Address = {La Palma, Canary Islands},
	Author = {Foster, D. and Rakhlin, A.},
	Booktitle = {Proceedings of the 15th International Conference on Artificial Intelligence and Statistics},
	Pages = {382--390},
	Publisher = {JMLR.org},
	Title = {No Internal Regret via Neighborhood Watch},
	Year = {2012}}

@article{CBLuSt06,
	Author = {Cesa-Bianchi, N. and Lugosi, G. and Stoltz, G.},
	Journal = {Mathematics of Operations Research},
	Pages = {562--580},
	Title = {Regret minimization under partial monitoring},
	Volume = {31},
	Year = {2006}}

@inproceedings{KSU08,
	Author = {Kleinberg, R. and Slivkins, A. and Upfal, E.},
	Booktitle = {Proceedings of the 40th Annual ACM Symposium on Theory of Computing},
	Organization = {ACM},
	Pages = {681--690},
	Title = {Multi-armed bandits in metric spaces},
	Year = {2008}}

@inproceedings{Kle04,
	Author = {Kleinberg, R.},
	Booktitle = {Advances in Neural Information Processing Systems},
	Pages = {697--704},
	Publisher = {MIT Press},
	Title = {Nearly Tight Bounds for the Continuum-Armed Bandit Problem},
	Year = {2005}}

@inproceedings{ACFS95,
	Author = {Auer, P. and Cesa-Bianchi, N. and Freund, Y. and Schapire, R. E.},
	Booktitle = {Foundations of Computer Science, 1995. Proceedings., 36th Annual Symposium on},
	Organization = {IEEE},
	Pages = {322--331},
	Title = {Gambling in a rigged casino: The adversarial multi-armed bandit problem},
	Year = {1995}}

@article{Aue02,
	Author = {Auer, P.},
	Journal = {Journal of Machine Learning Research},
	Pages = {397--422},
	Title = {Using confidence bounds for exploitation-exploration trade-offs},
	Volume = {3},
	Year = {2002}}

@inproceedings{MSA08,
	Address = {New York, NY, USA},
	Author = {Mnih, V. and Szepesv{\'a}ri, Cs. and Audibert, J.-Y.},
	Booktitle = {Proceedings of the 25th International Conference on Machine Learning},
	Location = {Helsinki, Finland},
	Pages = {672--679},
	Publisher = {ACM},
	Title = {Empirical {B}ernstein Stopping},
	Year = {2008}}

@inproceedings{CSP15,
	Author = {Combes, R. and Shahi, M. and Proutiere, A. and Lelarge, M.},
	Booktitle = {Advances in Neural Information Processing Systems},
	Pages = {2116--2124},
	Publisher = {Curran Associates, Inc.},
	Title = {Combinatorial Bandits Revisited},
	Year = {2015}}

@article{AO10,
	Author = {Auer, P. and Ortner, R.},
	Journal = {Periodica Mathematica Hungarica},
	Number = {1-2},
	Pages = {55--65},
	Publisher = {Springer},
	Title = {{UCB} revisited: Improved regret bounds for the stochastic multi-armed bandit problem},
	Volume = {61},
	Year = {2010}}

@article{ACFS02,
	Author = {Auer, P. and Cesa-Bianchi, N. and Freund, Y. and Schapire, R. E.},
	Journal = {SIAM Journal on Computing},
	Number = {1},
	Pages = {48--77},
	Publisher = {SIAM},
	Title = {The nonstochastic multiarmed bandit problem},
	Volume = {32},
	Year = {2002}}

@inproceedings{RV14,
	Author = {Russo, D. and {Van Roy}, B.},
	Booktitle = {Advances in Neural Information Processing Systems},
	Pages = {1583--1591},
	Publisher = {Curran Associates, Inc.},
	Title = {Learning to Optimize via Information-Directed Sampling},
	Year = {2014}}

@inproceedings{ORV13,
	Author = {Osband, I. and Russo, D. and {Van Roy}, B.},
	Booktitle = {Advances in Neural Information Processing Systems},
	Pages = {3003--3011},
	Publisher = {Curran Associates, Inc.},
	Title = {(More) Efficient Reinforcement Learning via Posterior Sampling},
	Year = {2013}}

@book{Put09,
	Author = {Puterman, M.},
	Publisher = {Wiley},
	Title = {{M}arkov decision processes: discrete stochastic dynamic programming},
	Volume = {414},
	Year = {2009}}

@article{Rob52,
	Author = {Robbins, H.},
	Journal = {Bulletin of the American Mathematical Society},
	Number = {5},
	Pages = {527--535},
	Title = {Some aspects of the sequential design of experiments},
	Volume = {58},
	Year = {1952}}

@article{LR85,
	Author = {Lai, T. L. and Robbins, H.},
	Journal = {Advances in applied mathematics},
	Number = {1},
	Pages = {4--22},
	Publisher = {Academic Press},
	Title = {Asymptotically efficient adaptive allocation rules},
	Volume = {6},
	Year = {1985}}

@article{BT03,
	Author = {Brafman, R. and Tennenholtz, M.},
	Journal = {Journal of Machine Learning Research},
	Pages = {213--231},
	Publisher = {JMLR.org},
	Title = {{R-MAX} -- a general polynomial time algorithm for near-optimal reinforcement learning},
	Volume = {3},
	Year = {2003}}

@article{KS02,
	Author = {Kearns, M. and Singh, S.},
	Journal = {Machine Learning},
	Number = {2-3},
	Pages = {209--232},
	Publisher = {Springer},
	Title = {Near-optimal reinforcement learning in polynomial time},
	Volume = {49},
	Year = {2002}}

@book{Mac03,
	Author = {MacKay, D.},
	Publisher = {Cambridge University Press},
	Title = {Information theory, inference and learning algorithms},
	Year = {2003}}

@inproceedings{BE16,
	Address = {New York, NY, USA},
	Author = {Bubeck, S. and Eldan, R.},
	Booktitle = {Proceedings of the 29th Conference on Learning Theory},
	Pages = {583--589},
	Publisher = {JMLR.org},
	Title = {Multi-scale exploration of convex functions and bandit convex optimization},
	Year = {2016}}

@article{Git79,
	Author = {Gittins, J.},
	Journal = {Journal of the Royal Statistical Society. Series B (Methodological)},
	Number = {2},
	Pages = {148--177},
	Publisher = {Wiley for the Royal Statistical Society},
	Title = {Bandit Processes and Dynamic Allocation Indices},
	Volume = {41},
	Year = {1979}}

@inproceedings{LS05,
	Address = {New York, NY, USA},
	Author = {Strehl, A. and Littman, M.},
	Booktitle = {Proceedings of the 22nd International Conference on Machine learning},
	Location = {Bonn, Germany},
	Pages = {856--863},
	Publisher = {ACM},
	Title = {A theoretical analysis of Model-Based Interval Estimation},
	Year = {2005}}

@article{LS08,
	Author = {Strehl, A. and Littman, M.},
	Journal = {Journal of Computer and System Sciences},
	Number = {8},
	Pages = {1309--1331},
	Title = {An analysis of model-based Interval Estimation for {M}arkov Decision Processes},
	Volume = {74},
	Year = {2008}}

@inproceedings{LM14,
	Author = {Lattimore, T. and Munos, R.},
	Booktitle = {Advances in Neural Information Processing Systems},
	Pages = {550--558},
	Publisher = {Curran Associates, Inc.},
	Title = {Bounded Regret for Finite-Armed Structured Bandits},
	Year = {2014}}

@inproceedings{BDKP15,
	Address = {Paris, France},
	Author = {Bubeck, S. and Dekel, O. and Koren, T. and Peres, Y.},
	Booktitle = {Proceedings of the 28th Conference on Learning Theory},
	Pages = {266--278},
	Publisher = {JMLR.org},
	Title = {Bandit Convex Optimization: $\sqrt{T}$ Regret in One Dimension},
	Year = {2015}}

@article{Kom88,
	Author = {Komiya, H.},
	Journal = {Kodai Mathematical Journal},
	Number = {1},
	Pages = {5--7},
	Publisher = {Department of Mathematics, Tokyo Institute of Technology},
	Title = {Elementary proof for {S}ion's minimax theorem},
	Volume = {11},
	Year = {1988}}

@article{Sio58,
	Author = {Sion, M.},
	Journal = {Pacific Journal of mathematics},
	Number = {1},
	Pages = {171--176},
	Publisher = {Mathematical Sciences Publishers},
	Title = {On general minimax theorems},
	Volume = {8},
	Year = {1958}}

@inproceedings{AFHKR11,
	Author = {Agarwal, A. and Foster, D. P. and Hsu, D. J. and Kakade, S. M. and Rakhlin, A.},
	Booktitle = {Advances in Neural Information Processing Systems},
	Pages = {1035--1043},
	Publisher = {Curran Associates, Inc.},
	Title = {Stochastic convex optimization with bandit feedback},
	Year = {2011}}

@inproceedings{BPR13,
	Address = {Princeton, NJ, USA},
	Author = {Bubeck, S. and Perchet, V. and Rigollet, P.},
	Booktitle = {Proceedings of the 26th Annual Conference on Learning Theory},
	Pages = {122--134},
	Publisher = {JMLR.org},
	Title = {Bounded regret in stochastic multi-armed bandits},
	Year = {2013}}

@inproceedings{BC13,
	Author = {Bubeck, S. and Liu, C.},
	Booktitle = {Advances in Neural Information Processing Systems},
	Pages = {638--646},
	Publisher = {Curran Associates, Inc.},
	Title = {Prior-free and prior-dependent regret bounds for {T}hompson Sampling},
	Year = {2013}}

@article{BC12,
  year = {2012},
  volume = {5},
  journal = {Foundations and Trends in Machine Learning},
  title = {Regret Analysis of Stochastic and Nonstochastic Multi-armed Bandit Problems},
  number = {1},
  pages = {1-122},
  author = {S. Bubeck and N. Cesa-Bianchi}
}

@article{RVK17,
  year = {2018},
  volume = {11},
  journal = {Foundations and Trends in Machine Learning},
  title = {A Tutorial on {T}hompson Sampling},
  number = {1},
  pages = {1-96},
  author = {D. J. Russo and B. {Van Roy} and A. Kazerouni and I. Osband and Z. Wen}
}




@article{Gra10,
	Author = {Granmo, O.},
	Journal = {International Journal of Intelligent Computing and Cybernetics},
	Number = {2},
	Pages = {207--234},
	Publisher = {Emerald Group Publishing Limited},
	Title = {Solving two-armed bernoulli bandit problems using a {B}ayesian learning automaton},
	Volume = {3},
	Year = {2010}}

@inproceedings{CL11,
	Author = {Chapelle, O. and Li, L.},
	Booktitle = {Advances in Neural Information Processing Systems},
	Pages = {2249--2257},
	Publisher = {Curran Associates, Inc.},
	Title = {An Empirical Evaluation of {T}hompson Sampling},
	Year = {2011}}

@article{Kau16,
	Author = {Kaufmann, E.},
	Journal = {The Annals of Statistics},
	Month = {04},
	Number = {2},
	Pages = {842--865},
	Publisher = {The Institute of Mathematical Statistics},
	Title = {On {B}ayesian index policies for sequential resource allocation},
	Volume = {46},
	Year = {2018}}

@article{Tal95,
	Author = {Talagrand, M.},
	Journal = {Annales de l'IHP Probabilit{\'e}s et Statistiques},
	Number = {4},
	Pages = {689--702},
	Title = {The missing factor in {H}oeffding's inequalities},
	Volume = {31},
	Year = {1995}}

@article{WW90,
	Author = {Weber, R. and Weiss, G.},
	Journal = {Journal of Applied Probability},
	Number = {3},
	Pages = {637--648},
	Publisher = {Cambridge University Press},
	Title = {On an index policy for restless bandits},
	Volume = {27},
	Year = {1990}}

@article{Tsi94,
	Author = {Tsitsiklis, J. N.},
	Journal = {The Annals of Applied Probability},
	Pages = {194--199},
	Publisher = {JSTOR},
	Title = {A short proof of the {G}ittins index theorem},
	Year = {1994}}

@article{Web92,
	Author = {Weber, R.},
	Journal = {The Annals of Applied Probability},
	Number = {4},
	Pages = {1024--1033},
	Publisher = {Institute of Mathematical Statistics},
	Title = {On the {G}ittins index for multiarmed bandits},
	Volume = {2},
	Year = {1992}}

@article{Whi80,
	Author = {Whittle, P.},
	Journal = {Journal of the Royal Statistical Society (B)},
	Pages = {143--149},
	Publisher = {JSTOR},
	Title = {Multi-armed bandits and the {G}ittins index},
	Year = {1980}}

@article{FW99,
	Author = {Frostig, E. and Weiss, G.},
	Journal = {Applied Probability Trust},
	Title = {Four proofs of {G}ittins' multiarmed bandit theorem},
	Volume = {70},
	Year = {1999}}

@book{Git11,
	Author = {Gittins, J. and Glazebrook, K. and Weber, R.},
	Publisher = {John Wiley \& Sons},
	Title = {Multi-armed bandit allocation indices},
	Year = {2011}}

@inproceedings{KKM12,
	Author = {Kaufmann, E. and Korda, N. and Munos, R.},
  booktitle =  {Proceedings of the 23rd International Conference on Algorithmic Learning Theory},
	Isbn = {978-3-642-34105-2},
	Pages = {199--213},
	Publisher = {Springer Berlin Heidelberg},
	Series = {Lecture Notes in Computer Science},
	Title = {{T}hompson Sampling: An Asymptotically Optimal Finite-Time Analysis},
	Volume = {7568},
	Year = {2012}}

@article{AJO10,
	Address = {Cambridge, MA, USA},
	Author = {T. Jaksch and P. Auer and R. Ortner},
	Issn = {1532-4435},
	Journal = {Journal of Machine Learning Research},
	Month = {August},
	Pages = {1563--1600},
	Publisher = {MIT Press},
	Title = {Near-optimal Regret Bounds for Reinforcement Learning},
	Volume = {99},
	Year = {2010}}

@article{Tho33,
	Author = {Thompson, W.},
	Journal = {Biometrika},
	Number = {3/4},
	Pages = {285--294},
	Publisher = {JSTOR},
	Title = {On the likelihood that one unknown probability exceeds another in view of the evidence of two samples},
	Volume = {25},
	Year = {1933}}

@article{ACF02,
	Author = {Auer, P. and Cesa-Bianchi, N. and Fischer, P.},
	Journal = {Machine Learning},
	Pages = {235--256},
	Title = {Finite-time Analysis of the Multiarmed Bandit Problem},
	Volume = {47},
	Year = {2002}}

@inproceedings{CLRS11,
	Address = {Fort Lauderdale, FL, USA},
	Author = {Chu, W. and Li, L. and Reyzin, L. and Schapire, R.},
	Booktitle = {Proceedings of the 14th International Conference on Artificial Intelligence and Statistics},
	Pages = {208--214},
	Publisher = {JMLR.org},
	Title = {Contextual Bandits with Linear Payoff Functions},
	Year = {2011}}

@book{PLS08,
	Author = {de la Pe{\~n}a, V. H. and Lai, T.L. and Shao, Q.},
	Publisher = {Springer Science \& Business Media},
	Title = {Self-normalized processes: Limit theory and Statistical Applications},
	Year = {2008}}

@book{BF85,
	Author = {Berry, D. and Fristedt, B.},
	Publisher = {Chapman and Hall, London ; New York},
	Title = {Bandit problems : sequential allocation of experiments},
	Year = {1985}}

@inproceedings{KCOG12,
	Address = {La Palma, Canary Islands},
	Author = {Kaufmann, E. and Capp{\'e}, O. and Garivier, A.},
	Booktitle = {Proceedings of the 15th International Conference on Artificial Intelligence and Statistics},
	Pages = {592--600},
	Publisher = {JMLR.org},
	Title = {On {B}ayesian Upper Confidence Bounds for Bandit Problems},
	Year = {2012}}

@article{CP97,
	Author = {Chang, J. T. and Pollard, D.},
	Journal = {Statistica Neerlandica},
	Number = {3},
	Pages = {287--317},
	Publisher = {Wiley Online Library},
	Title = {Conditioning as disintegration},
	Volume = {51},
	Year = {1997}}

@article{BJK56,
	Author = {Bradt, R. N. and Johnson, S. M. and Karlin, S.},
	Journal = {The Annals of Mathematical Statistics},
	Pages = {1060--1074},
	Publisher = {JSTOR},
	Title = {On sequential designs for maximizing the sum of $n$ observations},
	Year = {1956}}

@article{Nin11,
	Author = {Ni{\~n}o-Mora, J.},
	Journal = {INFORMS Journal on Computing},
	Number = {2},
	Pages = {254--267},
	Publisher = {INFORMS},
	Title = {Computing a classic index for finite-horizon bandits},
	Volume = {23},
	Year = {2011}}

@inproceedings{HL12,
	Author = {Lattimore, T. and Hutter, M.},
	Booktitle = {Proceedings of the 23th International Conference on Algorithmic Learning Theory},
	Institution = {Australian National University},
	Pages = {320--334},
	Publisher = {Springer Berlin / Heidelberg},
	Series = {Lecture Notes in Computer Science},
	Title = {{PAC} Bounds for Discounted {MDP}s},
	Volume = {7568},
	Year = {2012}}

@inproceedings{GKK16,
	Address = {New York, NY, USA},
	Author = {Garivier, A. and Kaufmann, E. and Koolen, W. M.},
	Booktitle = {Proceedings of the 29th Conference on Learning Theory},
	Pages = {1028--1050},
	Publisher = {JMLR.org},
	Title = {Maximin Action Identification: A New Bandit Framework for Games},
	Year = {2016}}

@inproceedings{SLWLL06,
	Address = {New York, NY, USA},
	Author = {Strehl, A. and Li, L. and Wiewiora, E. and Langford, J. and Littman, M.},
	Booktitle = {Proceedings of the 23rd international conference on Machine learning},
	Location = {Pittsburgh, Pennsylvania},
	Pages = {881--888},
	Publisher = {ACM},
	Title = {{PAC} model-free reinforcement learning},
	Year = {2006}}

@article{Fre75,
	Author = {Freedman, D. A.},
	Journal = {The Annals of Probability},
	Month = {02},
	Number = {1},
	Pages = {100--118},
	Publisher = {The Institute of Mathematical Statistics},
	Title = {On Tail Probabilities for Martingales},
	Volume = {3},
	Year = {1975}}

@inproceedings{SS10,
	Address = {USA},
	Author = {Szita, I. and Szepesv{\'a}ri, Cs.},
	Booktitle = {Proceedings of the 27th International Conference on Machine Learning},
	Location = {Haifa, Israel},
	Pages = {1031--1038},
	Publisher = {Omnipress},
	Title = {Model-based Reinforcement Learning with Nearly Tight Exploration Complexity Bounds},
	Year = {2010}}

@book{SB98,
	Author = {Sutton, R. and Barto, A.},
	Publisher = {MIT Press},
	Title = {Reinforcement Learning: An Introduction},
	Year = {1998}}

@book{SB18,
	Author = {Sutton, R. and Barto, A.},
	Publisher = {MIT Press},
	Title = {Reinforcement Learning: An Introduction},
	Year = {2018},
  Edition = {Second}
}


@article{Sam37,
	Author = {Samuelson, P.},
	Journal = {The Review of Economic Studies},
	Number = {2},
	Pages = {pp. 155-161},
	Publisher = {The Review of Economic Studies Ltd.},
	Title = {A Note on Measurement of Utility},
	Volume = {4},
	Year = {1937}}

@article{SS07,
	Author = {Shalev-Shwartz, S. and Singer, Y.},
	Journal = {Machine Learning},
	Number = {2-3},
	Pages = {115--142},
	Publisher = {Springer},
	Title = {A primal-dual perspective of online learning algorithms},
	Volume = {69},
	Year = {2007}}

@phdthesis{Sha07,
	Author = {Shalev-Shwartz, S.},
	School = {The Hebrew University of Jerusalem},
	Title = {Online learning: Theory, algorithms, and applications},
	Year = {2007}}

@article{ABL13,
	Author = {Audibert, J.-Y. and Bubeck, S. and Lugosi, G.},
	Journal = {Mathematics of Operations Research},
	Number = {1},
	Pages = {31--45},
	Publisher = {INFORMS},
	Title = {Regret in online combinatorial optimization},
	Volume = {39},
	Year = {2013}}

@inproceedings{BCL17,
	Author = {Bubeck, S. and Cohen, M. and Li, Y.},
  booktitle =  {Proceedings of the 29th International Conference on Algorithmic Learning Theory},
	Month = {07--09 Apr},
	Pages = {111--127},
	Publisher = {JMLR.org},
	Title = {Sparsity, variance and curvature in multi-armed bandits},
	Year = {2018}}

@inproceedings{WKA15,
	Address = {Lille, France},
	Author = {Wen, Z. and Kveton, B. and Ashkan, A.},
	Booktitle = {Proceedings of the 32nd International Conference on Machine Learning},
	Pages = {1113--1122},
	Publisher = {JMLR.org},
	Title = {Efficient Learning in Large-Scale Combinatorial Semi-Bandits},
	Volume = {37},
	Year = {2015}}

@inproceedings{KWAS15,
	Address = {San Diego, CA, USA},
	Author = {Kveton, B. and Wen, Z. and Ashkan, A. and Szepesv{\'a}ri, Cs.},
	Booktitle = {Proceedings of the 18th International Conference on Artificial Intelligence and Statistics},
	Pages = {535--543},
	Publisher = {JMLR.org},
	Title = {Tight Regret Bounds for Stochastic Combinatorial Semi-Bandits},
	Year = {2015}}

@article{GKJ12,
	Author = {Gai, Y. and Krishnamachari, B. and Jain, R.},
	Journal = {IEEE/ACM Transactions on Networking},
	Number = {5},
	Pages = {1466--1478},
	Publisher = {IEEE Press},
	Title = {Combinatorial network optimization with unknown variables: Multi-armed bandits with linear rewards and individual observations},
	Volume = {20},
	Year = {2012}}

@article{CL12,
	Author = {Cesa-Bianchi, N. and Lugosi, G.},
	Journal = {Journal of Computer and System Sciences},
	Number = {5},
	Pages = {1404--1422},
	Publisher = {Elsevier},
	Title = {Combinatorial bandits},
	Volume = {78},
	Year = {2012}}

@book{Ces06,
	Author = {Cesa-Bianchi, N. and Lugosi, G.},
	Publisher = {Cambridge University Press},
	Title = {Prediction, learning, and games},
	Year = {2006}}

@article{MT04,
	Author = {Mannor, S. and Tsitsiklis, J. N.},
	Journal = {Journal of Machine Learning Research},
	Month = {December},
	Pages = {623--648},
	Publisher = {JMLR.org},
	Title = {The Sample Complexity of Exploration in the Multi-Armed Bandit Problem},
	Volume = {5},
	Year = {2004}}

@book{BT96,
	Author = {Bertsekas, D. and Tsitsiklis, J. N.},
	Edition = {1st},
	Publisher = {Athena Scientific},
	Title = {Neuro-Dynamic Programming},
	Year = {1996}}

@phdthesis{Kak03,
	Author = {Kakade, S.},
	School = {University College London},
	Title = {On The Sample Complexity Of Reinforcement Learning},
	Year = 2003}

@inproceedings{BE14,
	Address = {Paris, France},
	Author = {Bubeck, S. and Eldan, R.},
	Booktitle = {Proceedings of the 28th Conference on Learning Theory},
	Pages = {279--279},
	Publisher = {JMLR.org},
	Title = {The entropic barrier: a simple and optimal universal self-concordant barrier},
	Year = {2015}}

@inproceedings{Mai1310,
	Abstract = {We study a variant of the standard stochastic multi-armed bandit problem when one is not interested in the arm with the best mean, but instead in the arm maximizing some coherent risk measure criterio},
	Author = {Maillard, O.},
  booktitle =  {Proceedings of the 24th International Conference on Algorithmic Learning Theory},
	Pages = {218--233},
	Publisher = {Springer, Berlin, Heidelberg},
	Title = {Robust Risk-Averse Stochastic Multi-armed Bandits},
	Year = {2013}}

@book{Lap12,
	Author = {Laplace, P.},
	Publisher = {Springer Science \& Business Media},
	Title = {Pierre-Simon Laplace Philosophical Essay on Probabilities: Translated from the fifth French edition of 1825 With Notes by the Translator},
	Volume = {13},
	Year = {2012}}

@inproceedings{LaMu09,
	Author = {Lazaric, A. and Munos, R.},
	Booktitle = {Proceedings of the 22nd Conference on Learning Theory},
	Title = {Hybrid Stochastic-Adversarial On-line Learning},
	Year = {2009}}

@inproceedings{KWK10,
	Author = {Koolen, W. M. and Warmuth, M. K. and Kivinen, J.},
	Booktitle = {Proceedings of the 23rd Conference on Learning Theory},
	Pages = {93--105},
	Publisher = {Omnipress},
	Title = {Hedging Structured Concepts},
	Year = {2010}}

@article{kiefer1953sequential,
  title={Sequential minimax search for a maximum},
  author={J. Kiefer},
  journal={Proceedings of the American mathematical society},
  volume={4},
  number={3},
  pages={502--506},
  year={1953}
}

@book{VW96,
	Author = {{van der Vaart}, A. W. and Wellner, J. A.},
	Title = {Weak Convergence and Empirical Processes},
	Publisher = {Springer, New York},
	Year = {1996}}

@misc{BLLRS10,
	Author = {Beygelzimer, A. and Langford, J. and Li, L. and Reyzin, L. and Schapire, R. E.},
	howpublished = {arXiv:1002.4058},
	Title = {An Optimal High Probability Algorithm for the Contextual Bandit Problem},
	Year = {2010}}

@inproceedings{SU08,
	Author = {Slivkins, A. and Upfal, E.},
	Booktitle = {Proceedings of the 21st Conference on Learning Theory},
	Pages = {343--354},
	Title = {Adapting to a Changing Environment: the {B}rownian Restless Bandits},
	Year = {2008}}

@inproceedings{MB04,
	Author = {McMahan, H. B. and Blum, A.},
	Booktitle = {Proceedings of the 17th Conference on Learning Theory},
	Organization = {Springer},
	Pages = {109--123},
	Title = {Online geometric optimization in the bandit setting against an adaptive adversary},
	Volume = {3120},
	Year = {2004}}

@inproceedings{YBKJ09,
	Author = {Yue, Y. and Broder, J. and Kleinberg, R. and Joachims, T.},
	Booktitle = {Proceedings of the 22nd Conference on Learning Theory},
	Title = {The $K$-armed Dueling Bandits Problem},
	Year = {2009}}

@inproceedings{KVMA14,
	Author = {Koc{\'a}k, T. and Valko, M. and Munos, R. and Agrawal, S.},
	Booktitle = {AAAI},
	Pages = {1911--1917},
	Title = {Spectral {T}hompson Sampling.},
	Year = {2014}}

@incollection{TM17,
	Author = {Tewari, A. and Murphy, S. A.},
	Booktitle = {Mobile Health},
	Pages = {495--517},
	Publisher = {Springer},
	Title = {From Ads to Interventions: Contextual Bandits in Mobile Health},
	Year = {2017}}

@inproceedings{AR09,
	Author = {Abernethy, J. D. and Rakhlin, A.},
	Booktitle = {Proceedings of the 22nd Conference on Learning Theory},
	Title = {Beating the Adaptive Bandit with High Probability.},
	Year = {2009}}

@inproceedings{BuSli12,
	Author = {Bubeck, S. and Slivkins, A.},
	Booktitle = {Proceedings of the 25th Conference on Learning Theory},
	Pages = {42.1--42.23},
	Title = {The Best of Both Worlds: Stochastic and Adversarial Bandits},
	Year = {2012}}

@inproceedings{BCK12,
	Author = {Bubeck, S. and Cesa-Bianchi, N. and Kakade, S.},
	Booktitle = {Proceedings of the 25th Conference on Learning Theory},
	Organization = {Microtome},
	Pages = {41--1},
	Title = {Towards minimax policies for online linear optimization with bandit feedback},
	Year = {2012}}

@inproceedings{HT10,
	Author = {Honda, J. and Takemura, A.},
	Booktitle = {Proceedings of the 23rd Conference on Learning Theory},
	Pages = {67--79},
	Title = {An Asymptotically Optimal Bandit Algorithm for Bounded Support Models.},
	Year = {2010}}

@inproceedings{OMS11,
	Author = {Maillard, O. and Munos, R. and Stoltz, G.},
	Booktitle = {Proceedings of the 24th Conference on Learning Theory},
	Title = {Finite-Time Analysis of Multi-armed Bandits Problems with {K}ullback-{L}eibler Divergences},
	Year = {2011}}

@inproceedings{DGS10,
	Author = {Dekel, O. and Gentile, C. and Sridharan, K.},
	Booktitle = {Proceedings of the 23rd Conference on Learning Theory},
	Pages = {346--358},
	Title = {Robust Selective Sampling from Single and Multiple Teachers.},
	Year = {2010}}

@inproceedings{DHK08,
	Author = {Dani, V. and Hayes, T. P. and Kakade, S. M.},
	Booktitle = {Proceedings of the 21st Conference on Learning Theory},
	Pages = {355--366},
	Title = {Stochastic Linear Optimization under Bandit Feedback},
	Year = {2008}}

@inproceedings{AG12b,
	Author = {Agrawal, S. and Goyal, N.},
	Booktitle = {Proceedings of the 25th Conference on Learning Theory},
	Title = {Analysis of {T}hompson sampling for the multi-armed bandit problem},
	Year = {2012}}

@inproceedings{AB10,
	Author = {Audibert, J.-Y. and Bubeck, S.},
	Booktitle = {Proceedings of the 23rd Conference on Learning Theory},
	Title = {Best arm identification in multi-armed bandits},
	Year = {2010}}

@inproceedings{AB09,
	Author = {Audibert, J.-Y. and Bubeck, S.},
	Booktitle = {Proceedings of the 22nd Conference on Learning Theory},
	Pages = {217--226},
	Title = {Minimax policies for adversarial and stochastic bandits},
	Year = {2009}}

@inproceedings{BPS10,
	Author = {Bart{\'o}k, G. and P{\'a}l, D. and Szepesv{\'a}ri, Cs.},
  booktitle =  {Proceedings of the 21st International Conference on Algorithmic Learning Theory},
	Organization = {Springer},
	Pages = {224--238},
	Title = {Toward a classification of finite partial-monitoring games},
	Year = {2010}}

@inproceedings{AOS07,
	Author = {Auer, P. and Ortner, R. and Szepesv{\'a}ri, Cs.},
	Booktitle = {International Conference on Computational Learning Theory},
	Organization = {Springer},
	Pages = {454--468},
	Title = {Improved rates for the stochastic continuum-armed bandit problem},
	Year = {2007}}

@inproceedings{AAS09,
	Author = {Abbasi-Yadkori, Y. and Antos, A. and Szepesv{\'a}ri, Cs.},
	Booktitle = {COLT Workshop on On-line Learning with Limited Feedback},
	Title = {Forced-exploration based algorithms for playing in stochastic linear bandits},
	Year = {2009}}

@inproceedings{MS09,
	Author = {McMahan, H. B. and Streeter, M. J.},
	Booktitle = {Proceedings of the 22nd Conference on Learning Theory},
	Title = {Tighter Bounds for Multi-Armed Bandits with Expert Advice},
	Year = {2009}}

@article{Vov90,
	Author = {Vovk, V. G.},
	Journal = {Proceedings of Computational Learning Theory},
	Title = {Aggregating strategies},
	Year = {1990}}

@inproceedings{EMM02,
	Author = {Even-Dar, E. and Mannor, S. and Mansour, Y.},
	Booktitle = {Computational Learning Theory},
	Organization = {Springer},
	Pages = {255--270},
	Title = {{PAC} bounds for multi-armed bandit and {M}arkov decision processes},
	Year = {2002}}

@inproceedings{Gar11,
	Author = {Garivier, A. and Capp{\'e}, O.},
	Booktitle = {Proceedings of the 24th Conference on Learning Theory},
	Title = {The {KL}-{UCB} algorithm for bounded stochastic bandits and beyond},
	Year = {2011}}

@inproceedings{JN14,
	Author = {Jamieson, K. and Nowak, R.},
	Booktitle = {Information Sciences and Systems (CISS), 2014 48th Annual Conference on},
	Organization = {IEEE},
	Pages = {1--6},
	Title = {Best-arm identification algorithms for multi-armed bandits in the fixed confidence setting},
	Year = {2014}}


@inproceedings{swaminathan2015self,
  title={The self-normalized estimator for counterfactual learning},
  author={Swaminathan, A. and Joachims, T.},
  booktitle = {Advances in Neural Information Processing Systems},
  pages={3231--3239},
  year={2015}
}

@inproceedings{thomas2015high_a,
  title={High-confidence off-policy evaluation},
  author={Thomas, P. S. and Theocharous, G. and Ghavamzadeh, M.},
  booktitle=AAAI,
  year={2015}
}

@inproceedings{metelli2018policy,
  title={Policy optimization via importance sampling},
  author={Metelli, A. M. and Papini, M. and Faccio, F. and Restelli, M.},
  booktitle=NeurIPS,
  pages={5442--5454},
  year={2018}
}

@misc{elvira2018rethinking,
  title={Rethinking the effective sample size},
  author={Elvira, V. and Martino, L. and Robert, C. P.},
  howpublished={arXiv:1809.04129},
  year={2018}
}

@book{owen2013book,
   author = {Art B. Owen},
   year = 2013,
   title = {Monte Carlo theory, methods and examples}
}

@inproceedings{thomas2015high_b,
  title={High confidence policy improvement},
  author={Thomas, P. and Theocharous, G. and Ghavamzadeh, M.},
  booktitle = 	 {Proceedings of the 32nd International Conference on Machine Learning},
  pages={2380--2388},
  year={2015}
}

@article{hesterberg1995weighted,
  title={Weighted average importance sampling and defensive mixture distributions},
  author={Hesterberg, T.},
  journal={Technometrics},
  volume={37},
  number={2},
  pages={185--194},
  year={1995},
  publisher={Taylor \& Francis Group}
}


@inproceedings{fard2012pac,
author = {M. M. Fard and J. Pineau and Cs. Szepesv{\'a}ri},
title = {PAC-Bayesian Policy Evaluation for Reinforcement Learning},
year = {2011},
publisher = {AUAI Press},
booktitle = {Proceedings of the 27th Conference on Uncertainty in Artificial Intelligence},
pages = {195--202},
}


@article{BoPe13,
  author    = {Bottou, L. and
               Peters, J. and
               Qui{\~{n}}onero Candela, J. and
               Charles, D. X. and
               Chickering, M. and
               Portugaly, E. and
               Ray, D. and
               Simard, P. Y. and
               Snelson, E.},
  title     = {Counterfactual reasoning and learning systems: the example of computational
               advertising},
  journal   = JMLR,
  volume    = 14,
  number    = 1,
  pages     = {3207--3260},
  year      = 2013,
}

@book{jud90,
	Author = {Judd, J.S.},
	Date-Added = {2008-10-14 22:30:41 +0200},
	Date-Modified = {2008-10-14 22:30:43 +0200},
	Publisher = {A Bradford Book, MIT Press, Cambridge, Massachuttes},
	Title = {Neural Network Design and the Complexity of Learning},
	Year = 1990}


@inproceedings{KearnsSaul98,
  author = {M. Kearns and L. Saul},
  title = {Large Deviation Methods for Approximate Probabilistic Inference},
  year = {1998},
  publisher = {Morgan Kaufmann Publishers Inc.},
  booktitle = {Proceedings of the 14th Conference on Uncertainty in Artificial Intelligence},
  pages = {311â€“319},
}


@article{BeKo13,
  title={On the concentration of the missing mass},
  author={Berend, D. and Kontorovich, A.},
  journal={Electronic Communications in Probability},
  volume={18},
  number = 3,
  pages = {1--7},
  year={2013},
  publisher={The Institute of Mathematical Statistics and the Bernoulli Society}
}

@misc{Sw17,
  author = {J.M. Swart},
  title = {Large Deviation Theory},
  url = {http://staff.utia.cas.cz/swart/lecture_notes/LDP8.pdf},
  year = {2017},
  month = {January},
}

@article{Wi16,
author = {Wintenberger, O.},
title = {Optimal learning with {B}ernstein online aggregation},
journal = {Machine Learning},
year = {2016},
volume = {106},
pages = {119--141},
}

@misc{ChaMuBa19,
    title={{OSOM}: A Simultaneously Optimal Algorithm for Multi-Armed and Linear Contextual Bandits},
    author={Niladri S. Chatterji and Vidya Muthukumar and Peter L. Bartlett},
    year={2019},
    howpublished={arXiv:1905.10040},
}

@inproceedings{MuNaNaBa18,
  title={Efficient-{UCBV}: An Almost Optimal Algorithm Using Variance Estimates},
  author={S. Mukherjee and KP. Naveen and N. Sudarsanam and B. Ravindran},
  booktitle={32nd AAAI Conference on Artificial Intelligence},
  year={2018}
}

@inproceedings{peng2019practical,
  title={A practical semi-parametric contextual bandit},
  author={Y. Peng and M. Xie and J. Liu and X. Meng and N. Li and C. Yang and T. Yao and R. Jin},
  booktitle={Proceedings of the 28th International Joint Conference on Artificial Intelligence},
  pages={3246--3252},
  year={2019},
  organization={AAAI Press}
}


@inproceedings{bach2016highly,
  title={Highly-smooth zero-th order online optimization},
  author={F. Bach and V. Perchet},
  booktitle={Conference on Learning Theory},
  pages={257--283},
  year={2016},
  organization={PMLR}
}

@article{NN89,
  title={Self-concordant functions and polynomial time methods in convex programming},
  author={Y. Nesterov and A. Nemirovsky},
  journal={USSR Acad. Sci. Central Economie \& Mathematical Institute, Mosco},
  year={1989},
}

@article{larson2019derivative,
  title={Derivative-free optimization methods},
  author={J. Larson and M. Menickelly and S. Wild},
  journal={Acta Numerica},
  volume={28},
  pages={287--404},
  year={2019},
  publisher={Cambridge University Press}
}

@book{conn2009introduction,
  title={Introduction to derivative-free optimization},
  author={A. Conn and K. Scheinberg and L. Vicente},
  year={2009},
  publisher={SIAM}
}

@article{nemirovski2008interior,
  title={Interior-point methods for optimization},
  author={A. Nemirovski and M. J. Todd},
  journal={Acta Numerica},
  volume={17},
  pages={191--234},
  year={2008},
  publisher={Cambridge university press}
}

@article{nesterov1988polynomial,
  title={Polynomial time methods in linear and quadratic programming},
  author={Y. Nesterov},
  journal={Izvestija AN SSSR, Tekhnitcheskaya kibernetika},
  number={3},
  year={1988}
}

@article{nesterov2017random,
  title={Random gradient-free minimization of convex functions},
  author={Y. Nesterov and V. Spokoiny},
  journal={Foundations of Computational Mathematics},
  volume={17},
  pages={527--566},
  year={2017},
  publisher={Springer}
}

@book{nesterov1994interior,
  title={Interior-point polynomial algorithms in convex programming},
  author={Y. Nesterov and A. Nemirovski},
  year={1994},
  publisher={SIAM}
}

@article{tkocz2018asymptotic,
  title={Asymptotic Convex Geometry Lecture Notes},
  author={T. Tkocz},
  year={2018}
}

@article{phan2019,
  title={Thompson sampling and approximate inference},
  author={Phan, My and Abbasi Yadkori, Yasin and Domke, Justin},
  journal={Advances in Neural Information Processing Systems},
  volume={32},
  year={2019}
}

@book{boyd2004convex,
  author    = {Stephen Boyd and Lieven Vandenberghe},
  title     = {Convex Optimization},
  publisher = {Cambridge University Press},
  year      = {2004},
  url       = {https://web.stanford.edu/~boyd/cvxbook/}
}